FORMAT: 1A
HOST: https://www.jp-funda.com

# JP Funda Api Documentation
このWebAPIでは、日本企業の有価証券報告書の情報を取得することができます。

どのURLにアクセスしても、有価証券報告書をレスポンスとして返しますが、
エンドポイントによって証券コードやEDINETコードなど、取得するデータを指定することができます。


NOTE: 使用するさいは、APIキーを作成する必要があります。


## Headerについて

このAPIは認証トークン(APIキー)が必要です。User登録をして、APIキーを発行して下さい。
各APIには次のようにヘッダにトークンを設定します。
NOTE: 最大3,000回まで無料でアクセスすることができます。(取得する有価証券報告書の数で制限を設けています。)

```
Authorization: Token APIキー
```


# Group 証券コードでデータ取得
証券コードに対応する企業の最新の有価証券報告書のデータを取得できます。
最新の有価証券報告書のみ取得するURLと、全ての年度のデータを取得するURLがあります。

## 最新の有価証券報告書のみ [/api/jp/securities_code/{securities_code}]
データを取得したい企業の{証券コード}４桁をurlの最後尾に入れてください。

+ Parameters
    + securities_code: `7203` (string) - 証券コードを入れてください。7203はトヨタの証券コードです。

+ Model (application/json)

    ```js
    {
    "会社名": "トヨタ自動車株式会社",
    "EDINETコード": "E02144",
    "証券コード": "7203",
    "有価証券報告書提出日": "2020-06-24",
    "会計期首": "2019-04-01",
    "会計期末": "2020-03-31",
    "連結経営指標": {
        "売上高": 29929992000000,
        "売上収益": null,
        "営業収益": null,
        "営業収入": null,
        "営業総収入": null,
        "営業利益又は営業損失": null,
        "経常収益": null,
        "経常利益又は経常損失": null,
        "税引前利益又は税引前損失": null,
        "当期利益又は当期損失": null,
        "親会社株主に帰属する当期純利益又は親会社株主に帰属する当期純損失": null,
        "包括利益": 1866642000000,
        "当期包括利益_親会社の所有者に帰属": null,
        "純資産額": null,
        "総資産額": 52680436000000,
        "一株当たり純資産額": null,
        "一株当たり当期純利益又は当期純損失": 735.61,
        "潜在株式調整後一株当たり当期純利益": 729.5,
        "自己資本比率": 0.381,
        "株価収益率": 8.8,
        "株主資本収益率": null,
        "営業活動によるキャッシュフロー": 3590643000000,
        "投資活動によるキャッシュフロー": -3150861000000,
        "財務活動によるキャッシュフロー": 397138000000,
        "現金及び現金同等物の残高": null,
        "従業員数": 359542,
        "平均臨時雇用人員": 86219
    },
    "非連結経営指標": {
        "売上高": 12729731000000,
        "売上収益": null,
        "営業収益": null,
        "営業収入": null,
        "営業総収入": null,
        "経常収益": null,
        "正味収入保険料": null,
        "経常利益又は経常損失": 1735365000000,
        "当期純利益又は当期純損失": 1424062000000,
        "正味損害率": null,
        "正味事業費率": null,
        "利息及び配当金収入": null,
        "運用資産利回り_インカム利回り": null,
        "資産運用利回り_実現利回り": null,
        "持分法を適用した場合の投資利益又は投資損失": null,
        "資本金": 635401000000,
        "発行済株式総数_普通株式": 3262997000,
        "純資産額": 12590890000000,
        "総資産額": 17809246000000,
        "預金残高": null,
        "貸出金残高": null,
        "有価証券残高": null,
        "一株当たり純資産額": 4377.19,
        "一株当たり配当額": 220.0,
        "一株当たり中間配当額": 100.0,
        "一株当たり第一四半期配当額": null,
        "一株当たり第二四半期配当額": null,
        "一株当たり第三四半期配当額": null,
        "一株当たり第四四半期配当額": null,
        "一株当たり当期純利益又は当期純損失": 504.25,
        "潜在株式調整後1株当たり当期純利益": 500.27,
        "自己資本比率": null,
        "自己資本利益率": 0.114,
        "株価収益率": 12.9,
        "配当性向": 0.436,
        "営業活動によるキャッシュフロー": null,
        "投資活動によるキャッシュフロー": null,
        "財務活動によるキャッシュフロー": null,
        "現金及び現金同等物の残高": null,
        "従業員数": 74132,
        "平均臨時雇用人員": 10795,
        "株主総利回り": 0,
        "株価指数における総利回り": 1
    },
    "研究開発_設備投資費": {
        "研究開発費": 1110369000000,
        "設備投資費": 1393014000000
    }
}
    ```

### 最新の有価証券報告書のデータのみ [GET]
証券コードに対応する企業の公開されている最新の有価証券報告書のデータを返します。

+ Response 200

    [最新の有価証券報告書のみ][]

## 全ての有価証券報告書データを取得 [/api/jp/securities_code/list/{securities_code}]
最新及び、過去数年分の有価証券報告書データを返します。
取得したい企業の{証券コード}４桁をurlの最後尾に入れてください。
NOTE: 過去の有価証券報告書のデータ数は、証券コードごとに異なります。


+ Parameters
    + securities_code: `7203` (string) - 証券コードを入れてください。7203はトヨタの証券コードです。

+ Model (application/json)

    ```js
    [
    {
        "会社名": "トヨタ自動車株式会社",
        "EDINETコード": "E02144",
        "証券コード": "7203",
        "有価証券報告書提出日": "2016-06-24",
        "会計期首": "2015-04-01",
        "会計期末": "2016-03-31",
        "連結経営指標": {
            "売上高": 28403118000000,
            "売上収益": null,
            "営業収益": null,
            "営業収入": null,
            "営業総収入": null,
            "営業利益又は営業損失": null,
            "経常収益": null,
            "経常利益又は経常損失": null,
            "税引前利益又は税引前損失": null,
            "当期利益又は当期損失": null,
            "親会社株主に帰属する当期純利益又は親会社株主に帰属する当期純損失": null,
            "包括利益": 1517486000000,
            "当期包括利益_親会社の所有者に帰属": null,
            "純資産額": null,
            "総資産額": 47427597000000,
            "一株当たり純資産額": null,
            "一株当たり当期純利益又は当期純損失": 741.36,
            "潜在株式調整後一株当たり当期純利益": 735.36,
            "自己資本比率": 0.353,
            "株価収益率": 8.0,
            "株主資本収益率": null,
            "営業活動によるキャッシュフロー": 4460857000000,
            "投資活動によるキャッシュフロー": -3182544000000,
            "財務活動によるキャッシュフロー": -423571000000,
            "現金及び現金同等物の残高": null,
            "従業員数": 348877,
            "平均臨時雇用人員": 86843
        },
        "非連結経営指標": {
            "売上高": 11585822000000,
            "売上収益": null,
            "営業収益": null,
            "営業収入": null,
            "営業総収入": null,
            "経常収益": null,
            "正味収入保険料": null,
            "経常利益又は経常損失": 2284091000000,
            "当期純利益又は当期純損失": 1810370000000,
            "正味損害率": null,
            "正味事業費率": null,
            "利息及び配当金収入": null,
            "運用資産利回り_インカム利回り": null,
            "資産運用利回り_実現利回り": null,
            "持分法を適用した場合の投資利益又は投資損失": null,
            "資本金": 635401000000,
            "発行済株式総数_普通株式": 3337997000,
            "純資産額": 10859443000000,
            "総資産額": 16100209000000,
            "預金残高": null,
            "貸出金残高": null,
            "有価証券残高": null,
            "一株当たり純資産額": 3417.07,
            "一株当たり配当額": 210.0,
            "一株当たり中間配当額": 100.0,
            "一株当たり第一四半期配当額": null,
            "一株当たり第二四半期配当額": null,
            "一株当たり第三四半期配当額": null,
            "一株当たり第四四半期配当額": null,
            "一株当たり当期純利益又は当期純損失": 581.08,
            "潜在株式調整後1株当たり当期純利益": 575.64,
            "自己資本比率": null,
            "自己資本利益率": 0.172,
            "株価収益率": 10.2,
            "配当性向": 0.361,
            "営業活動によるキャッシュフロー": null,
            "投資活動によるキャッシュフロー": null,
            "財務活動によるキャッシュフロー": null,
            "現金及び現金同等物の残高": null,
            "従業員数": 72721,
            "平均臨時雇用人員": 10371,
            "株主総利回り": null,
            "株価指数における総利回り": null
        },
        "研究開発_設備投資費": {
            "研究開発費": null,
            "設備投資費": null
        }
    },
    {
        "会社名": "トヨタ自動車株式会社",
        "EDINETコード": "E02144",
        "証券コード": "7203",
        "有価証券報告書提出日": "2017-06-23",
        "会計期首": "2016-04-01",
        "会計期末": "2017-03-31",
        "連結経営指標": {
            "売上高": 27597193000000,
            "売上収益": null,
            "営業収益": null,
            "営業収入": null,
            "営業総収入": null,
            "営業利益又は営業損失": null,
            "経常収益": null,
            "経常利益又は経常損失": null,
            "税引前利益又は税引前損失": null,
            "当期利益又は当期損失": null,
            "親会社株主に帰属する当期純利益又は親会社株主に帰属する当期純損失": null,
            "包括利益": 1966650000000,
            "当期包括利益_親会社の所有者に帰属": null,
            "純資産額": null,
            "総資産額": 48750186000000,
            "一株当たり純資産額": null,
            "一株当たり当期純利益又は当期純損失": 605.47,
            "潜在株式調整後一株当たり当期純利益": 599.22,
            "自己資本比率": 0.359,
            "株価収益率": 10.0,
            "株主資本収益率": null,
            "営業活動によるキャッシュフロー": 3414237000000,
            "投資活動によるキャッシュフロー": -2969939000000,
            "財務活動によるキャッシュフロー": -375165000000,
            "現金及び現金同等物の残高": null,
            "従業員数": 364445,
            "平均臨時雇用人員": 86005
        },
        "非連結経営指標": {
            "売上高": 11476343000000,
            "売上収益": null,
            "営業収益": null,
            "営業収入": null,
            "営業総収入": null,
            "経常収益": null,
            "正味収入保険料": null,
            "経常利益又は経常損失": 1801736000000,
            "当期純利益又は当期純損失": 1529911000000,
            "正味損害率": null,
            "正味事業費率": null,
            "利息及び配当金収入": null,
            "運用資産利回り_インカム利回り": null,
            "資産運用利回り_実現利回り": null,
            "持分法を適用した場合の投資利益又は投資損失": null,
            "資本金": 635401000000,
            "発行済株式総数_普通株式": 3262997000,
            "純資産額": 11365784000000,
            "総資産額": 16592167000000,
            "預金残高": null,
            "貸出金残高": null,
            "有価証券残高": null,
            "一株当たり純資産額": 3659.4,
            "一株当たり配当額": 210.0,
            "一株当たり中間配当額": 100.0,
            "一株当たり第一四半期配当額": null,
            "一株当たり第二四半期配当額": null,
            "一株当たり第三四半期配当額": null,
            "一株当たり第四四半期配当額": null,
            "一株当たり当期純利益又は当期純損失": 506.96,
            "潜在株式調整後1株当たり当期純利益": 500.65,
            "自己資本比率": null,
            "自己資本利益率": 0.138,
            "株価収益率": 11.9,
            "配当性向": 0.414,
            "営業活動によるキャッシュフロー": null,
            "投資活動によるキャッシュフロー": null,
            "財務活動によるキャッシュフロー": null,
            "現金及び現金同等物の残高": null,
            "従業員数": 73875,
            "平均臨時雇用人員": 10700,
            "株主総利回り": null,
            "株価指数における総利回り": null
        },
        "研究開発_設備投資費": {
            "研究開発費": null,
            "設備投資費": null
        }
    },
    {
        "会社名": "トヨタ自動車株式会社",
        "EDINETコード": "E02144",
        "証券コード": "7203",
        "有価証券報告書提出日": "2018-06-25",
        "会計期首": "2017-04-01",
        "会計期末": "2018-03-31",
        "連結経営指標": {
            "売上高": 29379510000000,
            "売上収益": null,
            "営業収益": null,
            "営業収入": null,
            "営業総収入": null,
            "営業利益又は営業損失": null,
            "経常収益": null,
            "経常利益又は経常損失": null,
            "税引前利益又は税引前損失": null,
            "当期利益又は当期損失": null,
            "親会社株主に帰属する当期純利益又は親会社株主に帰属する当期純損失": null,
            "包括利益": 2393256000000,
            "当期包括利益_親会社の所有者に帰属": null,
            "純資産額": null,
            "総資産額": 50308249000000,
            "一株当たり純資産額": null,
            "一株当たり当期純利益又は当期純損失": 842.0,
            "潜在株式調整後一株当たり当期純利益": 832.78,
            "自己資本比率": 0.372,
            "株価収益率": 8.1,
            "株主資本収益率": null,
            "営業活動によるキャッシュフロー": 4210009000000,
            "投資活動によるキャッシュフロー": -3660092000000,
            "財務活動によるキャッシュフロー": -449135000000,
            "現金及び現金同等物の残高": null,
            "従業員数": 369124,
            "平均臨時雇用人員": 84731
        },
        "非連結経営指標": {
            "売上高": 12201443000000,
            "売上収益": null,
            "営業収益": null,
            "営業収入": null,
            "営業総収入": null,
            "経常収益": null,
            "正味収入保険料": null,
            "経常利益又は経常損失": 2238140000000,
            "当期純利益又は当期純損失": 1859312000000,
            "正味損害率": null,
            "正味事業費率": null,
            "利息及び配当金収入": null,
            "運用資産利回り_インカム利回り": null,
            "資産運用利回り_実現利回り": null,
            "持分法を適用した場合の投資利益又は投資損失": null,
            "資本金": 635401000000,
            "発行済株式総数_普通株式": 3262997000,
            "純資産額": 12040947000000,
            "総資産額": 17522303000000,
            "預金残高": null,
            "貸出金残高": null,
            "有価証券残高": null,
            "一株当たり純資産額": 3972.72,
            "一株当たり配当額": 220.0,
            "一株当たり中間配当額": 100.0,
            "一株当たり第一四半期配当額": null,
            "一株当たり第二四半期配当額": null,
            "一株当たり第三四半期配当額": null,
            "一株当たり第四四半期配当額": null,
            "一株当たり当期純利益又は当期純損失": 628.31,
            "潜在株式調整後1株当たり当期純利益": 620.85,
            "自己資本比率": null,
            "自己資本利益率": 0.159,
            "株価収益率": 10.9,
            "配当性向": 0.35,
            "営業活動によるキャッシュフロー": null,
            "投資活動によるキャッシュフロー": null,
            "財務活動によるキャッシュフロー": null,
            "現金及び現金同等物の残高": null,
            "従業員数": 74890,
            "平均臨時雇用人員": 10905,
            "株主総利回り": null,
            "株価指数における総利回り": null
        },
        "研究開発_設備投資費": {
            "研究開発費": null,
            "設備投資費": null
        }
    },
    {
        "会社名": "トヨタ自動車株式会社",
        "EDINETコード": "E02144",
        "証券コード": "7203",
        "有価証券報告書提出日": "2019-06-21",
        "会計期首": "2018-04-01",
        "会計期末": "2019-03-31",
        "連結経営指標": {
            "売上高": 30225681000000,
            "売上収益": null,
            "営業収益": null,
            "営業収入": null,
            "営業総収入": null,
            "営業利益又は営業損失": null,
            "経常収益": null,
            "経常利益又は経常損失": null,
            "税引前利益又は税引前損失": null,
            "当期利益又は当期損失": null,
            "親会社株主に帰属する当期純利益又は親会社株主に帰属する当期純損失": null,
            "包括利益": 1936602000000,
            "当期包括利益_親会社の所有者に帰属": null,
            "純資産額": null,
            "総資産額": 51936949000000,
            "一株当たり純資産額": null,
            "一株当たり当期純利益又は当期純損失": 650.55,
            "潜在株式調整後一株当たり当期純利益": 645.11,
            "自己資本比率": 0.373,
            "株価収益率": 10.0,
            "株主資本収益率": null,
            "営業活動によるキャッシュフロー": 3766597000000,
            "投資活動によるキャッシュフロー": -2697241000000,
            "財務活動によるキャッシュフロー": -540839000000,
            "現金及び現金同等物の残高": null,
            "従業員数": 370870,
            "平均臨時雇用人員": 87129
        },
        "非連結経営指標": {
            "売上高": 12634439000000,
            "売上収益": null,
            "営業収益": null,
            "営業収入": null,
            "営業総収入": null,
            "経常収益": null,
            "正味収入保険料": null,
            "経常利益又は経常損失": 2323121000000,
            "当期純利益又は当期純損失": 1896824000000,
            "正味損害率": null,
            "正味事業費率": null,
            "利息及び配当金収入": null,
            "運用資産利回り_インカム利回り": null,
            "資産運用利回り_実現利回り": null,
            "持分法を適用した場合の投資利益又は投資損失": null,
            "資本金": 635401000000,
            "発行済株式総数_普通株式": 3262997000,
            "純資産額": 12450274000000,
            "総資産額": 17716993000000,
            "預金残高": null,
            "貸出金残高": null,
            "有価証券残高": null,
            "一株当たり純資産額": 4225.55,
            "一株当たり配当額": 220.0,
            "一株当たり中間配当額": 100.0,
            "一株当たり第一四半期配当額": null,
            "一株当たり第二四半期配当額": null,
            "一株当たり第三四半期配当額": null,
            "一株当たり第四四半期配当額": null,
            "一株当たり当期純利益又は当期純損失": 657.1,
            "潜在株式調整後1株当たり当期純利益": 649.89,
            "自己資本比率": null,
            "自己資本利益率": 0.155,
            "株価収益率": 9.9,
            "配当性向": 0.335,
            "営業活動によるキャッシュフロー": null,
            "投資活動によるキャッシュフロー": null,
            "財務活動によるキャッシュフロー": null,
            "現金及び現金同等物の残高": null,
            "従業員数": 74515,
            "平均臨時雇用人員": 11122,
            "株主総利回り": 1,
            "株価指数における総利回り": 1
        },
        "研究開発_設備投資費": {
            "研究開発費": 1048882000000,
            "設備投資費": 1465888000000
        }
    },
    {
        "会社名": "トヨタ自動車株式会社",
        "EDINETコード": "E02144",
        "証券コード": "7203",
        "有価証券報告書提出日": "2020-06-24",
        "会計期首": "2019-04-01",
        "会計期末": "2020-03-31",
        "連結経営指標": {
            "売上高": 29929992000000,
            "売上収益": null,
            "営業収益": null,
            "営業収入": null,
            "営業総収入": null,
            "営業利益又は営業損失": null,
            "経常収益": null,
            "経常利益又は経常損失": null,
            "税引前利益又は税引前損失": null,
            "当期利益又は当期損失": null,
            "親会社株主に帰属する当期純利益又は親会社株主に帰属する当期純損失": null,
            "包括利益": 1866642000000,
            "当期包括利益_親会社の所有者に帰属": null,
            "純資産額": null,
            "総資産額": 52680436000000,
            "一株当たり純資産額": null,
            "一株当たり当期純利益又は当期純損失": 735.61,
            "潜在株式調整後一株当たり当期純利益": 729.5,
            "自己資本比率": 0.381,
            "株価収益率": 8.8,
            "株主資本収益率": null,
            "営業活動によるキャッシュフロー": 3590643000000,
            "投資活動によるキャッシュフロー": -3150861000000,
            "財務活動によるキャッシュフロー": 397138000000,
            "現金及び現金同等物の残高": null,
            "従業員数": 359542,
            "平均臨時雇用人員": 86219
        },
        "非連結経営指標": {
            "売上高": 12729731000000,
            "売上収益": null,
            "営業収益": null,
            "営業収入": null,
            "営業総収入": null,
            "経常収益": null,
            "正味収入保険料": null,
            "経常利益又は経常損失": 1735365000000,
            "当期純利益又は当期純損失": 1424062000000,
            "正味損害率": null,
            "正味事業費率": null,
            "利息及び配当金収入": null,
            "運用資産利回り_インカム利回り": null,
            "資産運用利回り_実現利回り": null,
            "持分法を適用した場合の投資利益又は投資損失": null,
            "資本金": 635401000000,
            "発行済株式総数_普通株式": 3262997000,
            "純資産額": 12590890000000,
            "総資産額": 17809246000000,
            "預金残高": null,
            "貸出金残高": null,
            "有価証券残高": null,
            "一株当たり純資産額": 4377.19,
            "一株当たり配当額": 220.0,
            "一株当たり中間配当額": 100.0,
            "一株当たり第一四半期配当額": null,
            "一株当たり第二四半期配当額": null,
            "一株当たり第三四半期配当額": null,
            "一株当たり第四四半期配当額": null,
            "一株当たり当期純利益又は当期純損失": 504.25,
            "潜在株式調整後1株当たり当期純利益": 500.27,
            "自己資本比率": null,
            "自己資本利益率": 0.114,
            "株価収益率": 12.9,
            "配当性向": 0.436,
            "営業活動によるキャッシュフロー": null,
            "投資活動によるキャッシュフロー": null,
            "財務活動によるキャッシュフロー": null,
            "現金及び現金同等物の残高": null,
            "従業員数": 74132,
            "平均臨時雇用人員": 10795,
            "株主総利回り": 0,
            "株価指数における総利回り": 1
        },
        "研究開発_設備投資費": {
            "研究開発費": 1110369000000,
            "設備投資費": 1393014000000
        }
    }
]
    ```

### 数年分の有価証券報告書データ [GET]
証券コードに対応する企業の全年度分の有価証券報告書のデータを返します。(JP_Fundaに保存されている全データ)

+ Response 200

    [全ての有価証券報告書データを取得][]


# Group EDINETコードでデータ取得
EDINETコードに対応する企業の最新の有価証券報告書のデータを取得できます。 最新の有価証券報告書のみ取得するURLと、過去数年分のデータもまとめて取得できるURLがあります。

## 最新の有価証券報告書のデータのみ取得 [/api/jp/edinet_code/{edinet_code}]
データを取得したい企業の{EDINETコード}をurlの最後尾に入れてください。

+ Parameters
    + edinet_code: `E02142` (string) - EDINETコードを入れて下さい。E02142は日産のEDINETコードです。

+ Model (application/json)

    ```js
    {
    "会社名": "日産自動車株式会社",
    "EDINETコード": "E02142",
    "証券コード": "7201",
    "有価証券報告書提出日": "2020-07-06",
    "会計期首": "2019-04-01",
    "会計期末": "2020-03-31",
    "連結経営指標": {
        "売上高": 9878866000000,
        "売上収益": null,
        "営業収益": null,
        "営業収入": null,
        "営業総収入": null,
        "営業利益又は営業損失": null,
        "経常収益": null,
        "経常利益又は経常損失": 44049000000,
        "税引前利益又は税引前損失": null,
        "当期利益又は当期損失": null,
        "親会社株主に帰属する当期純利益又は親会社株主に帰属する当期純損失": -671216000000,
        "包括利益": -1084147000000,
        "当期包括利益_親会社の所有者に帰属": null,
        "純資産額": 4424773000000,
        "総資産額": 16976709000000,
        "一株当たり純資産額": 1038.95,
        "一株当たり当期純利益又は当期純損失": -171.54,
        "潜在株式調整後一株当たり当期純利益": null,
        "自己資本比率": 0.239,
        "株価収益率": null,
        "株主資本収益率": -0.143,
        "営業活動によるキャッシュフロー": 1185854000000,
        "投資活動によるキャッシュフロー": -708687000000,
        "財務活動によるキャッシュフロー": -155494000000,
        "現金及び現金同等物の残高": 1642981000000,
        "従業員数": 136134,
        "平均臨時雇用人員": 17597
    },
    "非連結経営指標": {
        "売上高": 3157540000000,
        "売上収益": null,
        "営業収益": null,
        "営業収入": null,
        "営業総収入": null,
        "経常収益": null,
        "正味収入保険料": null,
        "経常利益又は経常損失": 26571000000,
        "当期純利益又は当期純損失": -342745000000,
        "正味損害率": null,
        "正味事業費率": null,
        "利息及び配当金収入": null,
        "運用資産利回り_インカム利回り": null,
        "資産運用利回り_実現利回り": null,
        "持分法を適用した場合の投資利益又は投資損失": null,
        "資本金": 605813000000,
        "発行済株式総数_普通株式": 4220715000,
        "純資産額": 1958610000000,
        "総資産額": 4854023000000,
        "預金残高": null,
        "貸出金残高": null,
        "有価証券残高": null,
        "一株当たり純資産額": 467.19,
        "一株当たり配当額": 10.0,
        "一株当たり中間配当額": 10.0,
        "一株当たり第一四半期配当額": null,
        "一株当たり第二四半期配当額": null,
        "一株当たり第三四半期配当額": null,
        "一株当たり第四四半期配当額": null,
        "一株当たり当期純利益又は当期純損失": -81.76,
        "潜在株式調整後1株当たり当期純利益": null,
        "自己資本比率": null,
        "自己資本利益率": -0.154,
        "株価収益率": null,
        "配当性向": null,
        "営業活動によるキャッシュフロー": null,
        "投資活動によるキャッシュフロー": null,
        "財務活動によるキャッシュフロー": null,
        "現金及び現金同等物の残高": null,
        "従業員数": 22717,
        "平均臨時雇用人員": 5148,
        "株主総利回り": 0,
        "株価指数における総利回り": 1
    },
    "研究開発_設備投資費": {
        "研究開発費": 544800000000,
        "設備投資費": 509200000000
    }
}
    ```

### 最新の有価証券報告書のデータのみ [GET]
EDINETコードに対応する企業の公開されている最新の有価証券報告書のデータを返します。

+ Response 200

    [最新の有価証券報告書のみ][]

## EDINETコードで全ての有価証券報告書データを取得 [/api/jp/edinet_code/list/{edinet_code}]
最新及び、過去数年ぶんの有価証券報告書データを返します。
取得したい企業の{EDINETコード}をurlの最後尾に入れて下さい。
NOTE: 過去の有価証券報告書のデータ数は、EDINETコードごとに異なります。

+ Parameters
    + edinet_code: `E02142` (string) - EDINETコードを入れてください。E02142は日産のEDINETコードです。

+ Model ()

    ```js
    [
    {
        "会社名": "日産自動車株式会社",
        "EDINETコード": "E02142",
        "証券コード": "7201",
        "有価証券報告書提出日": "2016-06-24",
        "会計期首": "2015-04-01",
        "会計期末": "2016-03-31",
        "連結経営指標": {
            "売上高": 12189519000000,
            "売上収益": null,
            "営業収益": null,
            "営業収入": null,
            "営業総収入": null,
            "営業利益又は営業損失": null,
            "経常収益": null,
            "経常利益又は経常損失": 862272000000,
            "税引前利益又は税引前損失": null,
            "当期利益又は当期損失": null,
            "親会社株主に帰属する当期純利益又は親会社株主に帰属する当期純損失": 523841000000,
            "包括利益": 75107000000,
            "当期包括利益_親会社の所有者に帰属": null,
            "純資産額": 5140745000000,
            "総資産額": 17373643000000,
            "一株当たり純資産額": 1132.61,
            "一株当たり当期純利益又は当期純損失": 125.0,
            "潜在株式調整後一株当たり当期純利益": 124.99,
            "自己資本比率": 0.272,
            "株価収益率": 8.33,
            "株主資本収益率": 0.11,
            "営業活動によるキャッシュフロー": 927013000000,
            "投資活動によるキャッシュフロー": -1229280000000,
            "財務活動によるキャッシュフロー": 530606000000,
            "現金及び現金同等物の残高": 992095000000,
            "従業員数": 152421,
            "平均臨時雇用人員": 19007
        },
        "非連結経営指標": {
            "売上高": 3493419000000,
            "売上収益": null,
            "営業収益": null,
            "営業収入": null,
            "営業総収入": null,
            "経常収益": null,
            "正味収入保険料": null,
            "経常利益又は経常損失": 388799000000,
            "当期純利益又は当期純損失": 251009000000,
            "正味損害率": null,
            "正味事業費率": null,
            "利息及び配当金収入": null,
            "運用資産利回り_インカム利回り": null,
            "資産運用利回り_実現利回り": null,
            "持分法を適用した場合の投資利益又は投資損失": null,
            "資本金": 605813000000,
            "発行済株式総数_普通株式": 4494715000,
            "純資産額": 2490984000000,
            "総資産額": 4961612000000,
            "預金残高": null,
            "貸出金残高": null,
            "有価証券残高": null,
            "一株当たり純資産額": 557.81,
            "一株当たり配当額": 42.0,
            "一株当たり中間配当額": 21.0,
            "一株当たり第一四半期配当額": null,
            "一株当たり第二四半期配当額": null,
            "一株当たり第三四半期配当額": null,
            "一株当たり第四四半期配当額": null,
            "一株当たり当期純利益又は当期純損失": 55.92,
            "潜在株式調整後1株当たり当期純利益": 55.92,
            "自己資本比率": null,
            "自己資本利益率": 0.101,
            "株価収益率": 18.62,
            "配当性向": 0.7511,
            "営業活動によるキャッシュフロー": null,
            "投資活動によるキャッシュフロー": null,
            "財務活動によるキャッシュフロー": null,
            "現金及び現金同等物の残高": null,
            "従業員数": 22471,
            "平均臨時雇用人員": 3068,
            "株主総利回り": null,
            "株価指数における総利回り": null
        },
        "研究開発_設備投資費": {
            "研究開発費": null,
            "設備投資費": null
        }
    },
    {
        "会社名": "日産自動車株式会社",
        "EDINETコード": "E02142",
        "証券コード": "7201",
        "有価証券報告書提出日": "2017-06-29",
        "会計期首": "2016-04-01",
        "会計期末": "2017-03-31",
        "連結経営指標": {
            "売上高": 11720041000000,
            "売上収益": null,
            "営業収益": null,
            "営業収入": null,
            "営業総収入": null,
            "営業利益又は営業損失": null,
            "経常収益": null,
            "経常利益又は経常損失": 864733000000,
            "税引前利益又は税引前損失": null,
            "当期利益又は当期損失": null,
            "親会社株主に帰属する当期純利益又は親会社株主に帰属する当期純損失": 663499000000,
            "包括利益": 615950000000,
            "当期包括利益_親会社の所有者に帰属": null,
            "純資産額": 5167136000000,
            "総資産額": 18421008000000,
            "一株当たり純資産額": 1242.9,
            "一株当たり当期純利益又は当期純損失": 165.94,
            "潜在株式調整後一株当たり当期純利益": 165.94,
            "自己資本比率": 0.264,
            "株価収益率": 6.47,
            "株主資本収益率": 0.138,
            "営業活動によるキャッシュフロー": 1335473000000,
            "投資活動によるキャッシュフロー": -1377626000000,
            "財務活動によるキャッシュフロー": 320610000000,
            "現金及び現金同等物の残高": 1241124000000,
            "従業員数": 137250,
            "平均臨時雇用人員": 19366
        },
        "非連結経営指標": {
            "売上高": 3729335000000,
            "売上収益": null,
            "営業収益": null,
            "営業収入": null,
            "営業総収入": null,
            "経常収益": null,
            "正味収入保険料": null,
            "経常利益又は経常損失": 551995000000,
            "当期純利益又は当期純損失": 585951000000,
            "正味損害率": null,
            "正味事業費率": null,
            "利息及び配当金収入": null,
            "運用資産利回り_インカム利回り": null,
            "資産運用利回り_実現利回り": null,
            "持分法を適用した場合の投資利益又は投資損失": null,
            "資本金": 605813000000,
            "発行済株式総数_普通株式": 4220715000,
            "純資産額": 2600382000000,
            "総資産額": 5138385000000,
            "預金残高": null,
            "貸出金残高": null,
            "有価証券残高": null,
            "一株当たり純資産額": 620.39,
            "一株当たり配当額": 48.0,
            "一株当たり中間配当額": 24.0,
            "一株当たり第一四半期配当額": null,
            "一株当たり第二四半期配当額": null,
            "一株当たり第三四半期配当額": null,
            "一株当たり第四四半期配当額": null,
            "一株当たり当期純利益又は当期純損失": 136.8,
            "潜在株式調整後1株当たり当期純利益": 136.79,
            "自己資本比率": null,
            "自己資本利益率": 0.23,
            "株価収益率": 7.85,
            "配当性向": 0.3509,
            "営業活動によるキャッシュフロー": null,
            "投資活動によるキャッシュフロー": null,
            "財務活動によるキャッシュフロー": null,
            "現金及び現金同等物の残高": null,
            "従業員数": 22209,
            "平均臨時雇用人員": 4398,
            "株主総利回り": null,
            "株価指数における総利回り": null
        },
        "研究開発_設備投資費": {
            "研究開発費": null,
            "設備投資費": null
        }
    },
    {
        "会社名": "日産自動車株式会社",
        "EDINETコード": "E02142",
        "証券コード": "7201",
        "有価証券報告書提出日": "2018-06-28",
        "会計期首": "2017-04-01",
        "会計期末": "2018-03-31",
        "連結経営指標": {
            "売上高": 11951169000000,
            "売上収益": null,
            "営業収益": null,
            "営業収入": null,
            "営業総収入": null,
            "営業利益又は営業損失": null,
            "経常収益": null,
            "経常利益又は経常損失": 750302000000,
            "税引前利益又は税引前損失": null,
            "当期利益又は当期損失": null,
            "親会社株主に帰属する当期純利益又は親会社株主に帰属する当期純損失": 746892000000,
            "包括利益": 740338000000,
            "当期包括利益_親会社の所有者に帰属": null,
            "純資産額": 5688735000000,
            "総資産額": 18746901000000,
            "一株当たり純資産額": 1377.05,
            "一株当たり当期純利益又は当期純損失": 190.96,
            "潜在株式調整後一株当たり当期純利益": 190.96,
            "自己資本比率": 0.287,
            "株価収益率": 5.78,
            "株主資本収益率": 0.146,
            "営業活動によるキャッシュフロー": 1071250000000,
            "投資活動によるキャッシュフロー": -1147719000000,
            "財務活動によるキャッシュフロー": 36810000000,
            "現金及び現金同等物の残高": 1206000000000,
            "従業員数": 138910,
            "平均臨時雇用人員": 19924
        },
        "非連結経営指標": {
            "売上高": 3750617000000,
            "売上収益": null,
            "営業収益": null,
            "営業収入": null,
            "営業総収入": null,
            "経常収益": null,
            "正味収入保険料": null,
            "経常利益又は経常損失": 197958000000,
            "当期純利益又は当期純損失": 129044000000,
            "正味損害率": null,
            "正味事業費率": null,
            "利息及び配当金収入": null,
            "運用資産利回り_インカム利回り": null,
            "資産運用利回り_実現利回り": null,
            "持分法を適用した場合の投資利益又は投資損失": null,
            "資本金": 605813000000,
            "発行済株式総数_普通株式": 4220715000,
            "純資産額": 2527453000000,
            "総資産額": 5057592000000,
            "預金残高": null,
            "貸出金残高": null,
            "有価証券残高": null,
            "一株当たり純資産額": 602.86,
            "一株当たり配当額": 53.0,
            "一株当たり中間配当額": 26.5,
            "一株当たり第一四半期配当額": null,
            "一株当たり第二四半期配当額": null,
            "一株当たり第三四半期配当額": null,
            "一株当たり第四四半期配当額": null,
            "一株当たり当期純利益又は当期純損失": 30.79,
            "潜在株式調整後1株当たり当期純利益": 30.79,
            "自己資本比率": null,
            "自己資本利益率": 0.05,
            "株価収益率": 35.86,
            "配当性向": 1.7214,
            "営業活動によるキャッシュフロー": null,
            "投資活動によるキャッシュフロー": null,
            "財務活動によるキャッシュフロー": null,
            "現金及び現金同等物の残高": null,
            "従業員数": 22272,
            "平均臨時雇用人員": 5239,
            "株主総利回り": null,
            "株価指数における総利回り": null
        },
        "研究開発_設備投資費": {
            "研究開発費": null,
            "設備投資費": null
        }
    },
    {
        "会社名": "日産自動車株式会社",
        "EDINETコード": "E02142",
        "証券コード": "7201",
        "有価証券報告書提出日": "2019-06-27",
        "会計期首": "2018-04-01",
        "会計期末": "2019-03-31",
        "連結経営指標": {
            "売上高": 11574247000000,
            "売上収益": null,
            "営業収益": null,
            "営業収入": null,
            "営業総収入": null,
            "営業利益又は営業損失": null,
            "経常収益": null,
            "経常利益又は経常損失": 546498000000,
            "税引前利益又は税引前損失": null,
            "当期利益又は当期損失": null,
            "親会社株主に帰属する当期純利益又は親会社株主に帰属する当期純損失": 319138000000,
            "包括利益": 195999000000,
            "当期包括利益_親会社の所有者に帰属": null,
            "純資産額": 5623510000000,
            "総資産額": 18952345000000,
            "一株当たり純資産額": 1355.18,
            "一株当たり当期純利益又は当期純損失": 81.59,
            "潜在株式調整後一株当たり当期純利益": 81.59,
            "自己資本比率": 0.28,
            "株価収益率": 11.13,
            "株主資本収益率": 0.06,
            "営業活動によるキャッシュフロー": 1450888000000,
            "投資活動によるキャッシュフロー": -1133547000000,
            "財務活動によるキャッシュフロー": -127140000000,
            "現金及び現金同等物の残高": 1359058000000,
            "従業員数": 138893,
            "平均臨時雇用人員": 19240
        },
        "非連結経営指標": {
            "売上高": 3644483000000,
            "売上収益": null,
            "営業収益": null,
            "営業収入": null,
            "営業総収入": null,
            "経常収益": null,
            "正味収入保険料": null,
            "経常利益又は経常損失": 271869000000,
            "当期純利益又は当期純損失": 168552000000,
            "正味損害率": null,
            "正味事業費率": null,
            "利息及び配当金収入": null,
            "運用資産利回り_インカム利回り": null,
            "資産運用利回り_実現利回り": null,
            "持分法を適用した場合の投資利益又は投資損失": null,
            "資本金": 605813000000,
            "発行済株式総数_普通株式": 4220715000,
            "純資産額": 2505945000000,
            "総資産額": 5124037000000,
            "預金残高": null,
            "貸出金残高": null,
            "有価証券残高": null,
            "一株当たり純資産額": 597.75,
            "一株当たり配当額": 57.0,
            "一株当たり中間配当額": 28.5,
            "一株当たり第一四半期配当額": null,
            "一株当たり第二四半期配当額": null,
            "一株当たり第三四半期配当額": null,
            "一株当たり第四四半期配当額": null,
            "一株当たり当期純利益又は当期純損失": 40.21,
            "潜在株式調整後1株当たり当期純利益": 40.21,
            "自己資本比率": null,
            "自己資本利益率": 0.067,
            "株価収益率": 22.59,
            "配当性向": 1.418,
            "営業活動によるキャッシュフロー": null,
            "投資活動によるキャッシュフロー": null,
            "財務活動によるキャッシュフロー": null,
            "現金及び現金同等物の残高": null,
            "従業員数": 22791,
            "平均臨時雇用人員": 5349,
            "株主総利回り": 1,
            "株価指数における総利回り": 1
        },
        "研究開発_設備投資費": {
            "研究開発費": 523100000000,
            "設備投資費": 509900000000
        }
    },
    {
        "会社名": "日産自動車株式会社",
        "EDINETコード": "E02142",
        "証券コード": "7201",
        "有価証券報告書提出日": "2020-07-06",
        "会計期首": "2019-04-01",
        "会計期末": "2020-03-31",
        "連結経営指標": {
            "売上高": 9878866000000,
            "売上収益": null,
            "営業収益": null,
            "営業収入": null,
            "営業総収入": null,
            "営業利益又は営業損失": null,
            "経常収益": null,
            "経常利益又は経常損失": 44049000000,
            "税引前利益又は税引前損失": null,
            "当期利益又は当期損失": null,
            "親会社株主に帰属する当期純利益又は親会社株主に帰属する当期純損失": -671216000000,
            "包括利益": -1084147000000,
            "当期包括利益_親会社の所有者に帰属": null,
            "純資産額": 4424773000000,
            "総資産額": 16976709000000,
            "一株当たり純資産額": 1038.95,
            "一株当たり当期純利益又は当期純損失": -171.54,
            "潜在株式調整後一株当たり当期純利益": null,
            "自己資本比率": 0.239,
            "株価収益率": null,
            "株主資本収益率": -0.143,
            "営業活動によるキャッシュフロー": 1185854000000,
            "投資活動によるキャッシュフロー": -708687000000,
            "財務活動によるキャッシュフロー": -155494000000,
            "現金及び現金同等物の残高": 1642981000000,
            "従業員数": 136134,
            "平均臨時雇用人員": 17597
        },
        "非連結経営指標": {
            "売上高": 3157540000000,
            "売上収益": null,
            "営業収益": null,
            "営業収入": null,
            "営業総収入": null,
            "経常収益": null,
            "正味収入保険料": null,
            "経常利益又は経常損失": 26571000000,
            "当期純利益又は当期純損失": -342745000000,
            "正味損害率": null,
            "正味事業費率": null,
            "利息及び配当金収入": null,
            "運用資産利回り_インカム利回り": null,
            "資産運用利回り_実現利回り": null,
            "持分法を適用した場合の投資利益又は投資損失": null,
            "資本金": 605813000000,
            "発行済株式総数_普通株式": 4220715000,
            "純資産額": 1958610000000,
            "総資産額": 4854023000000,
            "預金残高": null,
            "貸出金残高": null,
            "有価証券残高": null,
            "一株当たり純資産額": 467.19,
            "一株当たり配当額": 10.0,
            "一株当たり中間配当額": 10.0,
            "一株当たり第一四半期配当額": null,
            "一株当たり第二四半期配当額": null,
            "一株当たり第三四半期配当額": null,
            "一株当たり第四四半期配当額": null,
            "一株当たり当期純利益又は当期純損失": -81.76,
            "潜在株式調整後1株当たり当期純利益": null,
            "自己資本比率": null,
            "自己資本利益率": -0.154,
            "株価収益率": null,
            "配当性向": null,
            "営業活動によるキャッシュフロー": null,
            "投資活動によるキャッシュフロー": null,
            "財務活動によるキャッシュフロー": null,
            "現金及び現金同等物の残高": null,
            "従業員数": 22717,
            "平均臨時雇用人員": 5148,
            "株主総利回り": 0,
            "株価指数における総利回り": 1
        },
        "研究開発_設備投資費": {
            "研究開発費": 544800000000,
            "設備投資費": 509200000000
        }
    }
]
    ```

### 数年分の有価証券報告書データ [GET]
EDINETコードに対応する企業の全年度分のデータを返します。(JP_Fundaに保存されている全データ)

+ Response 200

    [EDINETコードで全ての有価証券報告書データを取得][]


# Group 有価証券報告書の公開日よってデータを取得
有価証券報告書が公開された日付を指定して、データを取得できます。
今日(today)、昨日(yesterday)、今日を含む過去1週間(week)、範囲指定(date_range)の4種類のエンドポイントがあります。
NOTE: 今日公開のデータの取得は、1日の間のどのタイミングでAPIにアクセスするかで得られるデータが大きく異なるので、使わないことをお勧めします。同様の理由で、weekも使わないことをお勧めします。
NOTE: 範囲指定(date_range)は1ヶ月以上の範囲は指定できません。
NOTE: 昨日(yesterday)のエンドポイントを使うことをお勧めします。

## 今日公開された有価証券報告書のデータを取得 [/api/jp/today/]

+ Model ()
    ```js
    []
    ```

### today [GET]
今日公開された有価証券報告書のデータを返します。

+ Response 200

    [今日公開された有価証券報告書のデータを取得][]

## 昨日公開された有価証券報告書のデータを取得 [/api/jp/yesterday/]

+ Model()
    ```js
    [
    {
        "会社名": "東邦レマック株式会社",
        "EDINETコード": "E02794",
        "証券コード": "7422",
        "有価証券報告書提出日": "2021-03-19",
        "会計期首": "2019-12-21",
        "会計期末": "2020-12-20",
        "連結経営指標": {
            "売上高": null,
            "売上収益": null,
            "営業収益": null,
            "営業収入": null,
            "営業総収入": null,
            "営業利益又は営業損失": null,
            "経常収益": null,
            "経常利益又は経常損失": null,
            "税引前利益又は税引前損失": null,
            "当期利益又は当期損失": null,
            "親会社株主に帰属する当期純利益又は親会社株主に帰属する当期純損失": null,
            "包括利益": null,
            "当期包括利益_親会社の所有者に帰属": null,
            "純資産額": null,
            "総資産額": null,
            "一株当たり純資産額": null,
            "一株当たり当期純利益又は当期純損失": null,
            "潜在株式調整後一株当たり当期純利益": null,
            "自己資本比率": null,
            "株価収益率": null,
            "株主資本収益率": null,
            "営業活動によるキャッシュフロー": null,
            "投資活動によるキャッシュフロー": null,
            "財務活動によるキャッシュフロー": null,
            "現金及び現金同等物の残高": null,
            "従業員数": null,
            "平均臨時雇用人員": null
        },
        "非連結経営指標": {
            "売上高": 6728159000,
            "売上収益": null,
            "営業収益": null,
            "営業収入": null,
            "営業総収入": null,
            "経常収益": null,
            "正味収入保険料": null,
            "経常利益又は経常損失": -143679000,
            "当期純利益又は当期純損失": -192507000,
            "正味損害率": null,
            "正味事業費率": null,
            "利息及び配当金収入": null,
            "運用資産利回り_インカム利回り": null,
            "資産運用利回り_実現利回り": null,
            "持分法を適用した場合の投資利益又は投資損失": null,
            "資本金": 961720000,
            "発行済株式総数_普通株式": 512070,
            "純資産額": 4872040000,
            "総資産額": 6787558000,
            "預金残高": null,
            "貸出金残高": null,
            "有価証券残高": null,
            "一株当たり純資産額": 9568.89,
            "一株当たり配当額": 114.0,
            "一株当たり中間配当額": 57.0,
            "一株当たり第一四半期配当額": null,
            "一株当たり第二四半期配当額": null,
            "一株当たり第三四半期配当額": null,
            "一株当たり第四四半期配当額": null,
            "一株当たり当期純利益又は当期純損失": -378.08,
            "潜在株式調整後1株当たり当期純利益": null,
            "自己資本比率": null,
            "自己資本利益率": null,
            "株価収益率": null,
            "配当性向": null,
            "営業活動によるキャッシュフロー": 371761000.0,
            "投資活動によるキャッシュフロー": 428904000.0,
            "財務活動によるキャッシュフロー": -182447000.0,
            "現金及び現金同等物の残高": 1612798000.0,
            "従業員数": 93,
            "平均臨時雇用人員": 13,
            "株主総利回り": 0,
            "株価指数における総利回り": 1
        },
        "研究開発_設備投資費": {
            "研究開発費": null,
            "設備投資費": 1506000
        }
    },
    {
        "会社名": "NISSHA株式会社",
        "EDINETコード": "E00703",
        "証券コード": "7915",
        "有価証券報告書提出日": "2021-03-19",
        "会計期首": "2020-01-01",
        "会計期末": "2020-12-31",
        "連結経営指標": {
            "売上高": null,
            "売上収益": null,
            "営業収益": null,
            "営業収入": null,
            "営業総収入": null,
            "営業利益又は営業損失": null,
            "経常収益": null,
            "経常利益又は経常損失": null,
            "税引前利益又は税引前損失": 7051000000,
            "当期利益又は当期損失": null,
            "親会社株主に帰属する当期純利益又は親会社株主に帰属する当期純損失": 7069000000,
            "包括利益": null,
            "当期包括利益_親会社の所有者に帰属": 8722000000,
            "純資産額": null,
            "総資産額": 199726000000,
            "一株当たり純資産額": null,
            "一株当たり当期純利益又は当期純損失": 110.97,
            "潜在株式調整後一株当たり当期純利益": 137.94,
            "自己資本比率": 1641.61,
            "株価収益率": 10.6,
            "株主資本収益率": 0.09,
            "営業活動によるキャッシュフロー": 14683000000,
            "投資活動によるキャッシュフロー": -1394000000,
            "財務活動によるキャッシュフロー": -5997000000,
            "現金及び現金同等物の残高": 25067000000,
            "従業員数": 5390,
            "平均臨時雇用人員": null
        },
        "非連結経営指標": {
            "売上高": 115727000000,
            "売上収益": null,
            "営業収益": null,
            "営業収入": null,
            "営業総収入": null,
            "経常収益": null,
            "正味収入保険料": null,
            "経常利益又は経常損失": 1648000000,
            "当期純利益又は当期純損失": 5543000000,
            "正味損害率": null,
            "正味事業費率": null,
            "利息及び配当金収入": null,
            "運用資産利回り_インカム利回り": null,
            "資産運用利回り_実現利回り": null,
            "持分法を適用した場合の投資利益又は投資損失": null,
            "資本金": 12119000000,
            "発行済株式総数_普通株式": 50855000,
            "純資産額": 81461000000,
            "総資産額": 153989000000,
            "預金残高": null,
            "貸出金残高": null,
            "有価証券残高": null,
            "一株当たり純資産額": 1629.17,
            "一株当たり配当額": 30.0,
            "一株当たり中間配当額": 15.0,
            "一株当たり第一四半期配当額": null,
            "一株当たり第二四半期配当額": null,
            "一株当たり第三四半期配当額": null,
            "一株当たり第四四半期配当額": null,
            "一株当たり当期純利益又は当期純損失": 110.97,
            "潜在株式調整後1株当たり当期純利益": 108.17,
            "自己資本比率": null,
            "自己資本利益率": 0.069,
            "株価収益率": 13.5,
            "配当性向": 0.27,
            "営業活動によるキャッシュフロー": null,
            "投資活動によるキャッシュフロー": null,
            "財務活動によるキャッシュフロー": null,
            "現金及び現金同等物の残高": null,
            "従業員数": 720,
            "平均臨時雇用人員": null,
            "株主総利回り": 0,
            "株価指数における総利回り": 1
        },
        "研究開発_設備投資費": {
            "研究開発費": 2869000000,
            "設備投資費": 7896000000
        }
    },
    {
        "会社名": "株式会社ストリームメディアコーポレーション",
        "EDINETコード": "E05088",
        "証券コード": "4772",
        "有価証券報告書提出日": "2021-03-19",
        "会計期首": "2020-01-01",
        "会計期末": "2020-12-31",
        "連結経営指標": {
            "売上高": 4270009000,
            "売上収益": null,
            "営業収益": null,
            "営業収入": null,
            "営業総収入": null,
            "営業利益又は営業損失": null,
            "経常収益": null,
            "経常利益又は経常損失": -1206812000,
            "税引前利益又は税引前損失": null,
            "当期利益又は当期損失": null,
            "親会社株主に帰属する当期純利益又は親会社株主に帰属する当期純損失": -1241133000,
            "包括利益": -1229839000,
            "当期包括利益_親会社の所有者に帰属": null,
            "純資産額": 6049193000,
            "総資産額": 8997180000,
            "一株当たり純資産額": 49.65,
            "一株当たり当期純利益又は当期純損失": -22.61,
            "潜在株式調整後一株当たり当期純利益": null,
            "自己資本比率": 0.636,
            "株価収益率": null,
            "株主資本収益率": -0.217,
            "営業活動によるキャッシュフロー": -1228150000,
            "投資活動によるキャッシュフロー": -5023000,
            "財務活動によるキャッシュフロー": 2733837000,
            "現金及び現金同等物の残高": 3485149000,
            "従業員数": 100,
            "平均臨時雇用人員": 3
        },
        "非連結経営指標": {
            "売上高": 4240932000,
            "売上収益": null,
            "営業収益": null,
            "営業収入": null,
            "営業総収入": null,
            "経常収益": null,
            "正味収入保険料": null,
            "経常利益又は経常損失": -1227237000,
            "当期純利益又は当期純損失": -1242638000,
            "正味損害率": null,
            "正味事業費率": null,
            "利息及び配当金収入": null,
            "運用資産利回り_インカム利回り": null,
            "資産運用利回り_実現利回り": null,
            "持分法を適用した場合の投資利益又は投資損失": null,
            "資本金": 5969408000,
            "発行済株式総数_普通株式": 115213831,
            "純資産額": 5958471000,
            "総資産額": 8843502000,
            "預金残高": null,
            "貸出金残高": null,
            "有価証券残高": null,
            "一株当たり純資産額": 49.59,
            "一株当たり配当額": null,
            "一株当たり中間配当額": null,
            "一株当たり第一四半期配当額": null,
            "一株当たり第二四半期配当額": null,
            "一株当たり第三四半期配当額": null,
            "一株当たり第四四半期配当額": null,
            "一株当たり当期純利益又は当期純損失": -22.64,
            "潜在株式調整後1株当たり当期純利益": null,
            "自己資本比率": null,
            "自己資本利益率": -0.251,
            "株価収益率": null,
            "配当性向": null,
            "営業活動によるキャッシュフロー": null,
            "投資活動によるキャッシュフロー": null,
            "財務活動によるキャッシュフロー": null,
            "現金及び現金同等物の残高": null,
            "従業員数": 97,
            "平均臨時雇用人員": 3,
            "株主総利回り": 0,
            "株価指数における総利回り": 0
        },
        "研究開発_設備投資費": {
            "研究開発費": null,
            "設備投資費": 20000000
        }
    },
    {
        "会社名": "株式会社ハウスフリーダム",
        "EDINETコード": "E04048",
        "証券コード": "8996",
        "有価証券報告書提出日": "2021-03-19",
        "会計期首": "2020-01-01",
        "会計期末": "2020-12-31",
        "連結経営指標": {
            "売上高": 12163281000,
            "売上収益": null,
            "営業収益": null,
            "営業収入": null,
            "営業総収入": null,
            "営業利益又は営業損失": null,
            "経常収益": null,
            "経常利益又は経常損失": 915510000,
            "税引前利益又は税引前損失": null,
            "当期利益又は当期損失": null,
            "親会社株主に帰属する当期純利益又は親会社株主に帰属する当期純損失": 559043000,
            "包括利益": 555047000,
            "当期包括利益_親会社の所有者に帰属": null,
            "純資産額": 2652870000,
            "総資産額": 10691877000,
            "一株当たり純資産額": 657.77,
            "一株当たり当期純利益又は当期純損失": 138.61,
            "潜在株式調整後一株当たり当期純利益": null,
            "自己資本比率": 0.248,
            "株価収益率": 5.9,
            "株主資本収益率": 0.23,
            "営業活動によるキャッシュフロー": 1504800000,
            "投資活動によるキャッシュフロー": -354290000,
            "財務活動によるキャッシュフロー": -204287000,
            "現金及び現金同等物の残高": 3882611000,
            "従業員数": 214,
            "平均臨時雇用人員": 11
        },
        "非連結経営指標": {
            "売上高": 6813509000,
            "売上収益": null,
            "営業収益": null,
            "営業収入": null,
            "営業総収入": null,
            "経常収益": null,
            "正味収入保険料": null,
            "経常利益又は経常損失": 656336000,
            "当期純利益又は当期純損失": 483613000,
            "正味損害率": null,
            "正味事業費率": null,
            "利息及び配当金収入": null,
            "運用資産利回り_インカム利回り": null,
            "資産運用利回り_実現利回り": null,
            "持分法を適用した場合の投資利益又は投資損失": null,
            "資本金": 328842000,
            "発行済株式総数_普通株式": 4110000,
            "純資産額": 2496534000,
            "総資産額": 8328782000,
            "預金残高": null,
            "貸出金残高": null,
            "有価証券残高": null,
            "一株当たり純資産額": 619.01,
            "一株当たり配当額": 40.0,
            "一株当たり中間配当額": null,
            "一株当たり第一四半期配当額": null,
            "一株当たり第二四半期配当額": null,
            "一株当たり第三四半期配当額": null,
            "一株当たり第四四半期配当額": null,
            "一株当たり当期純利益又は当期純損失": 119.91,
            "潜在株式調整後1株当たり当期純利益": null,
            "自己資本比率": null,
            "自己資本利益率": 0.21,
            "株価収益率": 6.8,
            "配当性向": 0.334,
            "営業活動によるキャッシュフロー": null,
            "投資活動によるキャッシュフロー": null,
            "財務活動によるキャッシュフロー": null,
            "現金及び現金同等物の残高": null,
            "従業員数": 130,
            "平均臨時雇用人員": null,
            "株主総利回り": 2,
            "株価指数における総利回り": 1
        },
        "研究開発_設備投資費": {
            "研究開発費": null,
            "設備投資費": 452110000
        }
    },
    {
        "会社名": "中道リース株式会社",
        "EDINETコード": "E04801",
        "証券コード": "8594",
        "有価証券報告書提出日": "2021-03-19",
        "会計期首": "2020-01-01",
        "会計期末": "2020-12-31",
        "連結経営指標": {
            "売上高": null,
            "売上収益": null,
            "営業収益": null,
            "営業収入": null,
            "営業総収入": null,
            "営業利益又は営業損失": null,
            "経常収益": null,
            "経常利益又は経常損失": null,
            "税引前利益又は税引前損失": null,
            "当期利益又は当期損失": null,
            "親会社株主に帰属する当期純利益又は親会社株主に帰属する当期純損失": null,
            "包括利益": null,
            "当期包括利益_親会社の所有者に帰属": null,
            "純資産額": null,
            "総資産額": null,
            "一株当たり純資産額": null,
            "一株当たり当期純利益又は当期純損失": null,
            "潜在株式調整後一株当たり当期純利益": null,
            "自己資本比率": null,
            "株価収益率": null,
            "株主資本収益率": null,
            "営業活動によるキャッシュフロー": null,
            "投資活動によるキャッシュフロー": null,
            "財務活動によるキャッシュフロー": null,
            "現金及び現金同等物の残高": null,
            "従業員数": null,
            "平均臨時雇用人員": null
        },
        "非連結経営指標": {
            "売上高": 40302110000,
            "売上収益": null,
            "営業収益": null,
            "営業収入": null,
            "営業総収入": null,
            "経常収益": null,
            "正味収入保険料": null,
            "経常利益又は経常損失": 739857000,
            "当期純利益又は当期純損失": 476869000,
            "正味損害率": null,
            "正味事業費率": null,
            "利息及び配当金収入": null,
            "運用資産利回り_インカム利回り": null,
            "資産運用利回り_実現利回り": null,
            "持分法を適用した場合の投資利益又は投資損失": null,
            "資本金": 2297430000,
            "発行済株式総数_普通株式": 8680000,
            "純資産額": 8354732000,
            "総資産額": 124910353000,
            "預金残高": null,
            "貸出金残高": null,
            "有価証券残高": null,
            "一株当たり純資産額": 1128.16,
            "一株当たり配当額": 7.0,
            "一株当たり中間配当額": null,
            "一株当たり第一四半期配当額": null,
            "一株当たり第二四半期配当額": null,
            "一株当たり第三四半期配当額": null,
            "一株当たり第四四半期配当額": null,
            "一株当たり当期純利益又は当期純損失": 64.44,
            "潜在株式調整後1株当たり当期純利益": null,
            "自己資本比率": null,
            "自己資本利益率": 0.058,
            "株価収益率": 6.7,
            "配当性向": 0.109,
            "営業活動によるキャッシュフロー": -3347580000.0,
            "投資活動によるキャッシュフロー": -1164979000.0,
            "財務活動によるキャッシュフロー": 1962313000.0,
            "現金及び現金同等物の残高": 8579865000.0,
            "従業員数": 160,
            "平均臨時雇用人員": 13,
            "株主総利回り": 1,
            "株価指数における総利回り": 1
        },
        "研究開発_設備投資費": {
            "研究開発費": null,
            "設備投資費": null
        }
    },
    {
        "会社名": "株式会社クボタ",
        "EDINETコード": "E01267",
        "証券コード": "6326",
        "有価証券報告書提出日": "2021-03-19",
        "会計期首": "2020-01-01",
        "会計期末": "2020-12-31",
        "連結経営指標": {
            "売上高": null,
            "売上収益": 1853234000000,
            "営業収益": null,
            "営業収入": null,
            "営業総収入": null,
            "営業利益又は営業損失": null,
            "経常収益": null,
            "経常利益又は経常損失": null,
            "税引前利益又は税引前損失": 185899000000,
            "当期利益又は当期損失": null,
            "親会社株主に帰属する当期純利益又は親会社株主に帰属する当期純損失": 128524000000,
            "包括利益": null,
            "当期包括利益_親会社の所有者に帰属": 96656000000,
            "純資産額": null,
            "総資産額": 3189317000000,
            "一株当たり純資産額": null,
            "一株当たり当期純利益又は当期純損失": 56.84,
            "潜在株式調整後一株当たり当期純利益": null,
            "自己資本比率": 1221.95,
            "株価収益率": 21.27,
            "株主資本収益率": 0.088,
            "営業活動によるキャッシュフロー": 142919000000,
            "投資活動によるキャッシュフロー": -47133000000,
            "財務活動によるキャッシュフロー": -68354000000,
            "現金及び現金同等物の残高": 222919000000,
            "従業員数": 41605,
            "平均臨時雇用人員": 2699
        },
        "非連結経営指標": {
            "売上高": 865585000000,
            "売上収益": null,
            "営業収益": null,
            "営業収入": null,
            "営業総収入": null,
            "経常収益": null,
            "正味収入保険料": null,
            "経常利益又は経常損失": 53785000000,
            "当期純利益又は当期純損失": 69043000000,
            "正味損害率": null,
            "正味事業費率": null,
            "利息及び配当金収入": null,
            "運用資産利回り_インカム利回り": null,
            "資産運用利回り_実現利回り": null,
            "持分法を適用した場合の投資利益又は投資損失": null,
            "資本金": 84130000000,
            "発行済株式総数_普通株式": 1208576000,
            "純資産額": 609747000000,
            "総資産額": 1238811000000,
            "預金残高": null,
            "貸出金残高": null,
            "有価証券残高": null,
            "一株当たり純資産額": 504.64,
            "一株当たり配当額": 36.0,
            "一株当たり中間配当額": 17.0,
            "一株当たり第一四半期配当額": null,
            "一株当たり第二四半期配当額": null,
            "一株当たり第三四半期配当額": null,
            "一株当たり第四四半期配当額": null,
            "一株当たり当期純利益又は当期純損失": 56.84,
            "潜在株式調整後1株当たり当期純利益": null,
            "自己資本比率": null,
            "自己資本利益率": 0.112,
            "株価収益率": 39.6,
            "配当性向": 0.633,
            "営業活動によるキャッシュフロー": null,
            "投資活動によるキャッシュフロー": null,
            "財務活動によるキャッシュフロー": null,
            "現金及び現金同等物の残高": null,
            "従業員数": 11356,
            "平均臨時雇用人員": null,
            "株主総利回り": 1,
            "株価指数における総利回り": 1
        },
        "研究開発_設備投資費": {
            "研究開発費": 58400000000,
            "設備投資費": 87201000000
        }
    }
]
    ```

### yesterday [GET]
昨日公開された有価証券報告書のデータを返します。

+ Response 200

    [昨日公開された有価証券報告書のデータを取得][]

## 今日含めた1週間の間に公開された有価証券報告書のデータを取得 [/api/jp/week/]

+ Model (application/json)

    ```js
    [
    {
        "会社名": "富士ソフト株式会社",
        "EDINETコード": "E04810",
        "証券コード": "9749",
        "有価証券報告書提出日": "2021-03-15",
        "会計期首": "2020-01-01",
        "会計期末": "2020-12-31",
        "連結経営指標": {
            "売上高": 240953000000,
            "売上収益": null,
            "営業収益": null,
            "営業収入": null,
            "営業総収入": null,
            "営業利益又は営業損失": null,
            "経常収益": null,
            "経常利益又は経常損失": 16343000000,
            "税引前利益又は税引前損失": null,
            "当期利益又は当期損失": null,
            "親会社株主に帰属する当期純利益又は親会社株主に帰属する当期純損失": 8573000000,
            "包括利益": 10319000000,
            "当期包括利益_親会社の所有者に帰属": null,
            "純資産額": 135163000000,
            "総資産額": 234537000000,
            "一株当たり純資産額": 3802.16,
            "一株当たり当期純利益又は当期純損失": 273.96,
            "潜在株式調整後一株当たり当期純利益": null,
            "自己資本比率": 0.507,
            "株価収益率": 18.83,
            "株主資本収益率": 0.074,
            "営業活動によるキャッシュフロー": 14787000000,
            "投資活動によるキャッシュフロー": -16109000000,
            "財務活動によるキャッシュフロー": 12703000000,
            "現金及び現金同等物の残高": 37450000000,
            "従業員数": 14422,
            "平均臨時雇用人員": 2297
        },
        "非連結経営指標": {
            "売上高": 164094000000,
            "売上収益": null,
            "営業収益": null,
            "営業収入": null,
            "営業総収入": null,
            "経常収益": null,
            "正味収入保険料": null,
            "経常利益又は経常損失": 10233000000,
            "当期純利益又は当期純損失": 6932000000,
            "正味損害率": null,
            "正味事業費率": null,
            "利息及び配当金収入": null,
            "運用資産利回り_インカム利回り": null,
            "資産運用利回り_実現利回り": null,
            "持分法を適用した場合の投資利益又は投資損失": null,
            "資本金": 26200000000,
            "発行済株式総数_普通株式": 33700000,
            "純資産額": 106175000000,
            "総資産額": 190298000000,
            "預金残高": null,
            "貸出金残高": null,
            "有価証券残高": null,
            "一株当たり純資産額": 3387.8,
            "一株当たり配当額": 51.0,
            "一株当たり中間配当額": 28.0,
            "一株当たり第一四半期配当額": null,
            "一株当たり第二四半期配当額": null,
            "一株当たり第三四半期配当額": null,
            "一株当たり第四四半期配当額": null,
            "一株当たり当期純利益又は当期純損失": 221.54,
            "潜在株式調整後1株当たり当期純利益": null,
            "自己資本比率": null,
            "自己資本利益率": 0.067,
            "株価収益率": 23.29,
            "配当性向": 0.23,
            "営業活動によるキャッシュフロー": null,
            "投資活動によるキャッシュフロー": null,
            "財務活動によるキャッシュフロー": null,
            "現金及び現金同等物の残高": null,
            "従業員数": 8163,
            "平均臨時雇用人員": null,
            "株主総利回り": 2,
            "株価指数における総利回り": 1
        },
        "研究開発_設備投資費": {
            "研究開発費": 632000000,
            "設備投資費": 10203000000
        }
    },
    {
        "会社名": "株式会社小野測器",
        "EDINETコード": "E02306",
        "証券コード": "6858",
        "有価証券報告書提出日": "2021-03-16",
        "会計期首": "2020-01-01",
        "会計期末": "2020-12-31",
        "連結経営指標": {
            "売上高": 11841000000,
            "売上収益": null,
            "営業収益": null,
            "営業収入": null,
            "営業総収入": null,
            "営業利益又は営業損失": null,
            "経常収益": null,
            "経常利益又は経常損失": -523000000,
            "税引前利益又は税引前損失": null,
            "当期利益又は当期損失": null,
            "親会社株主に帰属する当期純利益又は親会社株主に帰属する当期純損失": -576000000,
            "包括利益": -766000000,
            "当期包括利益_親会社の所有者に帰属": null,
            "純資産額": 14211000000,
            "総資産額": 20807000000,
            "一株当たり純資産額": 1249.35,
            "一株当たり当期純利益又は当期純損失": -51.43,
            "潜在株式調整後一株当たり当期純利益": null,
            "自己資本比率": 0.673,
            "株価収益率": null,
            "株主資本収益率": null,
            "営業活動によるキャッシュフロー": 1879000000,
            "投資活動によるキャッシュフロー": -1303000000,
            "財務活動によるキャッシュフロー": 317000000,
            "現金及び現金同等物の残高": 2843000000,
            "従業員数": 604,
            "平均臨時雇用人員": 188
        },
        "非連結経営指標": {
            "売上高": 11510000000,
            "売上収益": null,
            "営業収益": null,
            "営業収入": null,
            "営業総収入": null,
            "経常収益": null,
            "正味収入保険料": null,
            "経常利益又は経常損失": -507000000,
            "当期純利益又は当期純損失": -557000000,
            "正味損害率": null,
            "正味事業費率": null,
            "利息及び配当金収入": null,
            "運用資産利回り_インカム利回り": null,
            "資産運用利回り_実現利回り": null,
            "持分法を適用した場合の投資利益又は投資損失": null,
            "資本金": 7134000000,
            "発行済株式総数_普通株式": 12200000,
            "純資産額": 13657000000,
            "総資産額": 20095000000,
            "預金残高": null,
            "貸出金残高": null,
            "有価証券残高": null,
            "一株当たり純資産額": 1206.99,
            "一株当たり配当額": 10.0,
            "一株当たり中間配当額": 5.0,
            "一株当たり第一四半期配当額": null,
            "一株当たり第二四半期配当額": null,
            "一株当たり第三四半期配当額": null,
            "一株当たり第四四半期配当額": null,
            "一株当たり当期純利益又は当期純損失": -49.77,
            "潜在株式調整後1株当たり当期純利益": null,
            "自己資本比率": null,
            "自己資本利益率": null,
            "株価収益率": null,
            "配当性向": null,
            "営業活動によるキャッシュフロー": null,
            "投資活動によるキャッシュフロー": null,
            "財務活動によるキャッシュフロー": null,
            "現金及び現金同等物の残高": null,
            "従業員数": 564,
            "平均臨時雇用人員": 170,
            "株主総利回り": 0,
            "株価指数における総利回り": 1
        },
        "研究開発_設備投資費": {
            "研究開発費": 1476000000,
            "設備投資費": 1136000000
        }
    },
    {
        "会社名": "ヒューリック株式会社",
        "EDINETコード": "E00523",
        "証券コード": "3003",
        "有価証券報告書提出日": "2021-03-16",
        "会計期首": "2020-01-01",
        "会計期末": "2020-12-31",
        "連結経営指標": {
            "売上高": null,
            "売上収益": null,
            "営業収益": 339645000000,
            "営業収入": null,
            "営業総収入": null,
            "営業利益又は営業損失": null,
            "経常収益": null,
            "経常利益又は経常損失": 95627000000,
            "税引前利益又は税引前損失": null,
            "当期利益又は当期損失": null,
            "親会社株主に帰属する当期純利益又は親会社株主に帰属する当期純損失": 63619000000,
            "包括利益": 51442000000,
            "当期包括利益_親会社の所有者に帰属": null,
            "純資産額": 489043000000,
            "総資産額": 2019336000000,
            "一株当たり純資産額": 728.31,
            "一株当たり当期純利益又は当期純損失": 95.23,
            "潜在株式調整後一株当たり当期純利益": null,
            "自己資本比率": 0.24,
            "株価収益率": 11.8,
            "株主資本収益率": 0.134,
            "営業活動によるキャッシュフロー": 202304000000,
            "投資活動によるキャッシュフロー": -343137000000,
            "財務活動によるキャッシュフロー": 187388000000,
            "現金及び現金同等物の残高": 94704000000,
            "従業員数": 1934,
            "平均臨時雇用人員": 393
        },
        "非連結経営指標": {
            "売上高": null,
            "売上収益": null,
            "営業収益": 308012000000,
            "営業収入": null,
            "営業総収入": null,
            "経常収益": null,
            "正味収入保険料": null,
            "経常利益又は経常損失": 106971000000,
            "当期純利益又は当期純損失": 79339000000,
            "正味損害率": null,
            "正味事業費率": null,
            "利息及び配当金収入": null,
            "運用資産利回り_インカム利回り": null,
            "資産運用利回り_実現利回り": null,
            "持分法を適用した場合の投資利益又は投資損失": null,
            "資本金": 62718000000,
            "発行済株式総数_普通株式": 673907735,
            "純資産額": 476495000000,
            "総資産額": 1948197000000,
            "預金残高": null,
            "貸出金残高": null,
            "有価証券残高": null,
            "一株当たり純資産額": 710.82,
            "一株当たり配当額": 36.0,
            "一株当たり中間配当額": 17.5,
            "一株当たり第一四半期配当額": null,
            "一株当たり第二四半期配当額": null,
            "一株当たり第三四半期配当額": null,
            "一株当たり第四四半期配当額": null,
            "一株当たり当期純利益又は当期純損失": 118.34,
            "潜在株式調整後1株当たり当期純利益": null,
            "自己資本比率": null,
            "自己資本利益率": 0.174,
            "株価収益率": 9.5,
            "配当性向": 0.304,
            "営業活動によるキャッシュフロー": null,
            "投資活動によるキャッシュフロー": null,
            "財務活動によるキャッシュフロー": null,
            "現金及び現金同等物の残高": null,
            "従業員数": 184,
            "平均臨時雇用人員": 46,
            "株主総利回り": 1,
            "株価指数における総利回り": 1
        },
        "研究開発_設備投資費": {
            "研究開発費": null,
            "設備投資費": 327144000000
        }
    },
    {
        "会社名": "Ｂ－Ｒ サーティワン アイスクリーム株式会社",
        "EDINETコード": "E00474",
        "証券コード": "2268",
        "有価証券報告書提出日": "2021-03-17",
        "会計期首": "2020-01-01",
        "会計期末": "2020-12-31",
        "連結経営指標": {
            "売上高": null,
            "売上収益": null,
            "営業収益": null,
            "営業収入": null,
            "営業総収入": null,
            "営業利益又は営業損失": null,
            "経常収益": null,
            "経常利益又は経常損失": null,
            "税引前利益又は税引前損失": null,
            "当期利益又は当期損失": null,
            "親会社株主に帰属する当期純利益又は親会社株主に帰属する当期純損失": null,
            "包括利益": null,
            "当期包括利益_親会社の所有者に帰属": null,
            "純資産額": null,
            "総資産額": null,
            "一株当たり純資産額": null,
            "一株当たり当期純利益又は当期純損失": null,
            "潜在株式調整後一株当たり当期純利益": null,
            "自己資本比率": null,
            "株価収益率": null,
            "株主資本収益率": null,
            "営業活動によるキャッシュフロー": null,
            "投資活動によるキャッシュフロー": null,
            "財務活動によるキャッシュフロー": null,
            "現金及び現金同等物の残高": null,
            "従業員数": null,
            "平均臨時雇用人員": null
        },
        "非連結経営指標": {
            "売上高": 17441102000,
            "売上収益": null,
            "営業収益": null,
            "営業収入": null,
            "営業総収入": null,
            "経常収益": null,
            "正味収入保険料": null,
            "経常利益又は経常損失": 768495000,
            "当期純利益又は当期純損失": 442445000,
            "正味損害率": null,
            "正味事業費率": null,
            "利息及び配当金収入": null,
            "運用資産利回り_インカム利回り": null,
            "資産運用利回り_実現利回り": null,
            "持分法を適用した場合の投資利益又は投資損失": null,
            "資本金": 735286000,
            "発行済株式総数_普通株式": 9644554,
            "純資産額": 9752408000,
            "総資産額": 17407217000,
            "預金残高": null,
            "貸出金残高": null,
            "有価証券残高": null,
            "一株当たり純資産額": 1012.09,
            "一株当たり配当額": 30.0,
            "一株当たり中間配当額": 10.0,
            "一株当たり第一四半期配当額": null,
            "一株当たり第二四半期配当額": null,
            "一株当たり第三四半期配当額": null,
            "一株当たり第四四半期配当額": null,
            "一株当たり当期純利益又は当期純損失": 45.92,
            "潜在株式調整後1株当たり当期純利益": null,
            "自己資本比率": null,
            "自己資本利益率": 0.045,
            "株価収益率": 85.5,
            "配当性向": 0.653,
            "営業活動によるキャッシュフロー": 3054185000.0,
            "投資活動によるキャッシュフロー": -1257158000.0,
            "財務活動によるキャッシュフロー": -471094000.0,
            "現金及び現金同等物の残高": 2628748000.0,
            "従業員数": 229,
            "平均臨時雇用人員": 210,
            "株主総利回り": 1,
            "株価指数における総利回り": 1
        },
        "研究開発_設備投資費": {
            "研究開発費": null,
            "設備投資費": null
        }
    },
    {
        "会社名": "株式会社エル・ティー・エス",
        "EDINETコード": "E33588",
        "証券コード": "6560",
        "有価証券報告書提出日": "2021-03-18",
        "会計期首": "2020-01-01",
        "会計期末": "2020-12-31",
        "連結経営指標": {
            "売上高": 5555735000,
            "売上収益": null,
            "営業収益": null,
            "営業収入": null,
            "営業総収入": null,
            "営業利益又は営業損失": null,
            "経常収益": null,
            "経常利益又は経常損失": 447220000,
            "税引前利益又は税引前損失": null,
            "当期利益又は当期損失": null,
            "親会社株主に帰属する当期純利益又は親会社株主に帰属する当期純損失": 270326000,
            "包括利益": 259820000,
            "当期包括利益_親会社の所有者に帰属": null,
            "純資産額": 1732546000,
            "総資産額": 4297898000,
            "一株当たり純資産額": 420.91,
            "一株当たり当期純利益又は当期純損失": 66.47,
            "潜在株式調整後一株当たり当期純利益": 61.08,
            "自己資本比率": 0.402,
            "株価収益率": 62.5,
            "株主資本収益率": 0.167,
            "営業活動によるキャッシュフロー": 468933000,
            "投資活動によるキャッシュフロー": -163607000,
            "財務活動によるキャッシュフロー": 988730000,
            "現金及び現金同等物の残高": 2479226000,
            "従業員数": 379,
            "平均臨時雇用人員": 22
        },
        "非連結経営指標": {
            "売上高": 3910869000,
            "売上収益": null,
            "営業収益": null,
            "営業収入": null,
            "営業総収入": null,
            "経常収益": null,
            "正味収入保険料": null,
            "経常利益又は経常損失": 448862000,
            "当期純利益又は当期純損失": 277808000,
            "正味損害率": null,
            "正味事業費率": null,
            "利息及び配当金収入": null,
            "運用資産利回り_インカム利回り": null,
            "資産運用利回り_実現利回り": null,
            "持分法を適用した場合の投資利益又は投資損失": null,
            "資本金": 529020000,
            "発行済株式総数_普通株式": 4197400,
            "純資産額": 1789003000,
            "総資産額": 3633308000,
            "預金残高": null,
            "貸出金残高": null,
            "有価証券残高": null,
            "一株当たり純資産額": 435.31,
            "一株当たり配当額": null,
            "一株当たり中間配当額": null,
            "一株当たり第一四半期配当額": null,
            "一株当たり第二四半期配当額": null,
            "一株当たり第三四半期配当額": null,
            "一株当たり第四四半期配当額": null,
            "一株当たり当期純利益又は当期純損失": 68.31,
            "潜在株式調整後1株当たり当期純利益": 62.77,
            "自己資本比率": null,
            "自己資本利益率": 0.166,
            "株価収益率": 60.8,
            "配当性向": null,
            "営業活動によるキャッシュフロー": null,
            "投資活動によるキャッシュフロー": null,
            "財務活動によるキャッシュフロー": null,
            "現金及び現金同等物の残高": null,
            "従業員数": 234,
            "平均臨時雇用人員": 21,
            "株主総利回り": 1,
            "株価指数における総利回り": 1
        },
        "研究開発_設備投資費": {
            "研究開発費": null,
            "設備投資費": 80129000
        }
    },
    {
        "会社名": "太洋工業株式会社",
        "EDINETコード": "E02097",
        "証券コード": "6663",
        "有価証券報告書提出日": "2021-03-18",
        "会計期首": "2019-12-21",
        "会計期末": "2020-12-20",
        "連結経営指標": {
            "売上高": 3175189000,
            "売上収益": null,
            "営業収益": null,
            "営業収入": null,
            "営業総収入": null,
            "営業利益又は営業損失": null,
            "経常収益": null,
            "経常利益又は経常損失": -314244000,
            "税引前利益又は税引前損失": null,
            "当期利益又は当期損失": null,
            "親会社株主に帰属する当期純利益又は親会社株主に帰属する当期純損失": -630016000,
            "包括利益": -662458000,
            "当期包括利益_親会社の所有者に帰属": null,
            "純資産額": 2401860000,
            "総資産額": 4428391000,
            "一株当たり純資産額": 400.69,
            "一株当たり当期純利益又は当期純損失": -106.83,
            "潜在株式調整後一株当たり当期純利益": null,
            "自己資本比率": 0.535,
            "株価収益率": null,
            "株主資本収益率": -0.234,
            "営業活動によるキャッシュフロー": 50275000,
            "投資活動によるキャッシュフロー": -43361000,
            "財務活動によるキャッシュフロー": -74621000,
            "現金及び現金同等物の残高": 469068000,
            "従業員数": 262,
            "平均臨時雇用人員": null
        },
        "非連結経営指標": {
            "売上高": 3145025000,
            "売上収益": null,
            "営業収益": null,
            "営業収入": null,
            "営業総収入": null,
            "経常収益": null,
            "正味収入保険料": null,
            "経常利益又は経常損失": -286223000,
            "当期純利益又は当期純損失": -607628000,
            "正味損害率": null,
            "正味事業費率": null,
            "利息及び配当金収入": null,
            "運用資産利回り_インカム利回り": null,
            "資産運用利回り_実現利回り": null,
            "持分法を適用した場合の投資利益又は投資損失": null,
            "資本金": 807272000,
            "発行済株式総数_普通株式": 5910100,
            "純資産額": 2358989000,
            "総資産額": 4325938000,
            "預金残高": null,
            "貸出金残高": null,
            "有価証券残高": null,
            "一株当たり純資産額": 399.27,
            "一株当たり配当額": 3.0,
            "一株当たり中間配当額": null,
            "一株当たり第一四半期配当額": null,
            "一株当たり第二四半期配当額": null,
            "一株当たり第三四半期配当額": null,
            "一株当たり第四四半期配当額": null,
            "一株当たり当期純利益又は当期純損失": -103.04,
            "潜在株式調整後1株当たり当期純利益": null,
            "自己資本比率": null,
            "自己資本利益率": -0.227,
            "株価収益率": null,
            "配当性向": null,
            "営業活動によるキャッシュフロー": null,
            "投資活動によるキャッシュフロー": null,
            "財務活動によるキャッシュフロー": null,
            "現金及び現金同等物の残高": null,
            "従業員数": 222,
            "平均臨時雇用人員": null,
            "株主総利回り": 0,
            "株価指数における総利回り": 1
        },
        "研究開発_設備投資費": {
            "研究開発費": 93631000,
            "設備投資費": 160454000
        }
    },
    {
        "会社名": "株式会社ブロンコビリー",
        "EDINETコード": "E03517",
        "証券コード": "3091",
        "有価証券報告書提出日": "2021-03-18",
        "会計期首": "2020-01-01",
        "会計期末": "2020-12-31",
        "連結経営指標": {
            "売上高": null,
            "売上収益": null,
            "営業収益": null,
            "営業収入": null,
            "営業総収入": null,
            "営業利益又は営業損失": null,
            "経常収益": null,
            "経常利益又は経常損失": null,
            "税引前利益又は税引前損失": null,
            "当期利益又は当期損失": null,
            "親会社株主に帰属する当期純利益又は親会社株主に帰属する当期純損失": null,
            "包括利益": null,
            "当期包括利益_親会社の所有者に帰属": null,
            "純資産額": null,
            "総資産額": null,
            "一株当たり純資産額": null,
            "一株当たり当期純利益又は当期純損失": null,
            "潜在株式調整後一株当たり当期純利益": null,
            "自己資本比率": null,
            "株価収益率": null,
            "株主資本収益率": null,
            "営業活動によるキャッシュフロー": null,
            "投資活動によるキャッシュフロー": null,
            "財務活動によるキャッシュフロー": null,
            "現金及び現金同等物の残高": null,
            "従業員数": null,
            "平均臨時雇用人員": null
        },
        "非連結経営指標": {
            "売上高": 17272890000,
            "売上収益": null,
            "営業収益": null,
            "営業収入": null,
            "営業総収入": null,
            "経常収益": null,
            "正味収入保険料": null,
            "経常利益又は経常損失": 250724000,
            "当期純利益又は当期純損失": -588143000,
            "正味損害率": null,
            "正味事業費率": null,
            "利息及び配当金収入": null,
            "運用資産利回り_インカム利回り": null,
            "資産運用利回り_実現利回り": null,
            "持分法を適用した場合の投資利益又は投資損失": null,
            "資本金": 2210667000,
            "発行済株式総数_普通株式": 15079000,
            "純資産額": 17226076000,
            "総資産額": 24495195000,
            "預金残高": null,
            "貸出金残高": null,
            "有価証券残高": null,
            "一株当たり純資産額": 1138.07,
            "一株当たり配当額": 10.0,
            "一株当たり中間配当額": 0.0,
            "一株当たり第一四半期配当額": null,
            "一株当たり第二四半期配当額": null,
            "一株当たり第三四半期配当額": null,
            "一株当たり第四四半期配当額": null,
            "一株当たり当期純利益又は当期純損失": -39.01,
            "潜在株式調整後1株当たり当期純利益": null,
            "自己資本比率": null,
            "自己資本利益率": null,
            "株価収益率": null,
            "配当性向": null,
            "営業活動によるキャッシュフロー": -57912000.0,
            "投資活動によるキャッシュフロー": -351051000.0,
            "財務活動によるキャッシュフロー": 4758174000.0,
            "現金及び現金同等物の残高": 10470467000.0,
            "従業員数": 527,
            "平均臨時雇用人員": 957,
            "株主総利回り": 1,
            "株価指数における総利回り": 1
        },
        "研究開発_設備投資費": {
            "研究開発費": null,
            "設備投資費": 90000000
        }
    },
    {
        "会社名": "アミタホールディングス株式会社",
        "EDINETコード": "E23634",
        "証券コード": "2195",
        "有価証券報告書提出日": "2021-03-18",
        "会計期首": "2020-01-01",
        "会計期末": "2020-12-31",
        "連結経営指標": {
            "売上高": 4608264000,
            "売上収益": null,
            "営業収益": null,
            "営業収入": null,
            "営業総収入": null,
            "営業利益又は営業損失": null,
            "経常収益": null,
            "経常利益又は経常損失": 292327000,
            "税引前利益又は税引前損失": null,
            "当期利益又は当期損失": null,
            "親会社株主に帰属する当期純利益又は親会社株主に帰属する当期純損失": 388679000,
            "包括利益": 384476000,
            "当期包括利益_親会社の所有者に帰属": null,
            "純資産額": 809085000,
            "総資産額": 4311276000,
            "一株当たり純資産額": 691.99,
            "一株当たり当期純利益又は当期純損失": 332.43,
            "潜在株式調整後一株当たり当期純利益": null,
            "自己資本比率": 0.188,
            "株価収益率": 8.93,
            "株主資本収益率": 0.6301,
            "営業活動によるキャッシュフロー": 391688000,
            "投資活動によるキャッシュフロー": -29842000,
            "財務活動によるキャッシュフロー": 96808000,
            "現金及び現金同等物の残高": 1235749000,
            "従業員数": 161,
            "平均臨時雇用人員": 66
        },
        "非連結経営指標": {
            "売上高": null,
            "売上収益": null,
            "営業収益": 536820000,
            "営業収入": null,
            "営業総収入": null,
            "経常収益": null,
            "正味収入保険料": null,
            "経常利益又は経常損失": -41635000,
            "当期純利益又は当期純損失": -33180000,
            "正味損害率": null,
            "正味事業費率": null,
            "利息及び配当金収入": null,
            "運用資産利回り_インカム利回り": null,
            "資産運用利回り_実現利回り": null,
            "持分法を適用した場合の投資利益又は投資損失": null,
            "資本金": 474920000,
            "発行済株式総数_普通株式": 1169424,
            "純資産額": 357910000,
            "総資産額": 2363436000,
            "預金残高": null,
            "貸出金残高": null,
            "有価証券残高": null,
            "一株当たり純資産額": 306.11,
            "一株当たり配当額": null,
            "一株当たり中間配当額": null,
            "一株当たり第一四半期配当額": null,
            "一株当たり第二四半期配当額": null,
            "一株当たり第三四半期配当額": null,
            "一株当たり第四四半期配当額": null,
            "一株当たり当期純利益又は当期純損失": -28.38,
            "潜在株式調整後1株当たり当期純利益": null,
            "自己資本比率": null,
            "自己資本利益率": null,
            "株価収益率": null,
            "配当性向": null,
            "営業活動によるキャッシュフロー": null,
            "投資活動によるキャッシュフロー": null,
            "財務活動によるキャッシュフロー": null,
            "現金及び現金同等物の残高": null,
            "従業員数": 32,
            "平均臨時雇用人員": 4,
            "株主総利回り": 4,
            "株価指数における総利回り": 1
        },
        "研究開発_設備投資費": {
            "研究開発費": null,
            "設備投資費": 80571000
        }
    },
    {
        "会社名": "\n\n株式会社イーエムシステムズ\n\n\n（商号　株式会社ＥＭシステムズ）\n\n",
        "EDINETコード": "E05155",
        "証券コード": "4820",
        "有価証券報告書提出日": "2021-03-18",
        "会計期首": "2020-04-01",
        "会計期末": "2020-12-31",
        "連結経営指標": {
            "売上高": 9660000000,
            "売上収益": null,
            "営業収益": null,
            "営業収入": null,
            "営業総収入": null,
            "営業利益又は営業損失": null,
            "経常収益": null,
            "経常利益又は経常損失": 1469000000,
            "税引前利益又は税引前損失": null,
            "当期利益又は当期損失": null,
            "親会社株主に帰属する当期純利益又は親会社株主に帰属する当期純損失": 1062000000,
            "包括利益": 1062000000,
            "当期包括利益_親会社の所有者に帰属": null,
            "純資産額": 17734000000,
            "総資産額": 23096000000,
            "一株当たり純資産額": 248.55,
            "一株当たり当期純利益又は当期純損失": 14.95,
            "潜在株式調整後一株当たり当期純利益": 14.88,
            "自己資本比率": 0.764,
            "株価収益率": 63.3,
            "株主資本収益率": 0.06,
            "営業活動によるキャッシュフロー": 442000000,
            "投資活動によるキャッシュフロー": -147000000,
            "財務活動によるキャッシュフロー": -1087000000,
            "現金及び現金同等物の残高": 7982000000,
            "従業員数": 557,
            "平均臨時雇用人員": 119
        },
        "非連結経営指標": {
            "売上高": 8862000000,
            "売上収益": null,
            "営業収益": null,
            "営業収入": null,
            "営業総収入": null,
            "経常収益": null,
            "正味収入保険料": null,
            "経常利益又は経常損失": 1242000000,
            "当期純利益又は当期純損失": 894000000,
            "正味損害率": null,
            "正味事業費率": null,
            "利息及び配当金収入": null,
            "運用資産利回り_インカム利回り": null,
            "資産運用利回り_実現利回り": null,
            "持分法を適用した場合の投資利益又は投資損失": null,
            "資本金": 2785000000,
            "発行済株式総数_普通株式": 74514800,
            "純資産額": 16768000000,
            "総資産額": 21606000000,
            "預金残高": null,
            "貸出金残高": null,
            "有価証券残高": null,
            "一株当たり純資産額": 235.28,
            "一株当たり配当額": 10.0,
            "一株当たり中間配当額": 4.0,
            "一株当たり第一四半期配当額": null,
            "一株当たり第二四半期配当額": null,
            "一株当たり第三四半期配当額": null,
            "一株当たり第四四半期配当額": null,
            "一株当たり当期純利益又は当期純損失": 12.59,
            "潜在株式調整後1株当たり当期純利益": 12.53,
            "自己資本比率": null,
            "自己資本利益率": 0.053,
            "株価収益率": 75.2,
            "配当性向": 0.794,
            "営業活動によるキャッシュフロー": null,
            "投資活動によるキャッシュフロー": null,
            "財務活動によるキャッシュフロー": null,
            "現金及び現金同等物の残高": null,
            "従業員数": 418,
            "平均臨時雇用人員": 67,
            "株主総利回り": 0,
            "株価指数における総利回り": 1
        },
        "研究開発_設備投資費": {
            "研究開発費": null,
            "設備投資費": null
        }
    },
    {
        "会社名": "ローランド ディー.ジー.株式会社",
        "EDINETコード": "E02054",
        "証券コード": "6789",
        "有価証券報告書提出日": "2021-03-18",
        "会計期首": "2020-01-01",
        "会計期末": "2020-12-31",
        "連結経営指標": {
            "売上高": 34780252000,
            "売上収益": null,
            "営業収益": null,
            "営業収入": null,
            "営業総収入": null,
            "営業利益又は営業損失": null,
            "経常収益": null,
            "経常利益又は経常損失": 422749000,
            "税引前利益又は税引前損失": null,
            "当期利益又は当期損失": null,
            "親会社株主に帰属する当期純利益又は親会社株主に帰属する当期純損失": 251130000,
            "包括利益": 58292000,
            "当期包括利益_親会社の所有者に帰属": null,
            "純資産額": 24738483000,
            "総資産額": 36301399000,
            "一株当たり純資産額": 1990.89,
            "一株当たり当期純利益又は当期純損失": 20.17,
            "潜在株式調整後一株当たり当期純利益": null,
            "自己資本比率": 0.681,
            "株価収益率": 93.1,
            "株主資本収益率": 0.01,
            "営業活動によるキャッシュフロー": 4003236000,
            "投資活動によるキャッシュフロー": -710087000,
            "財務活動によるキャッシュフロー": -2210661000,
            "現金及び現金同等物の残高": 12434024000,
            "従業員数": 1220,
            "平均臨時雇用人員": 75
        },
        "非連結経営指標": {
            "売上高": 22175520000,
            "売上収益": null,
            "営業収益": null,
            "営業収入": null,
            "営業総収入": null,
            "経常収益": null,
            "正味収入保険料": null,
            "経常利益又は経常損失": 195311000,
            "当期純利益又は当期純損失": -14275000,
            "正味損害率": null,
            "正味事業費率": null,
            "利息及び配当金収入": null,
            "運用資産利回り_インカム利回り": null,
            "資産運用利回り_実現利回り": null,
            "持分法を適用した場合の投資利益又は投資損失": null,
            "資本金": 3668700000,
            "発行済株式総数_普通株式": 12656000,
            "純資産額": 20581846000,
            "総資産額": 27643022000,
            "預金残高": null,
            "貸出金残高": null,
            "有価証券残高": null,
            "一株当たり純資産額": 1656.38,
            "一株当たり配当額": 10.0,
            "一株当たり中間配当額": null,
            "一株当たり第一四半期配当額": null,
            "一株当たり第二四半期配当額": null,
            "一株当たり第三四半期配当額": null,
            "一株当たり第四四半期配当額": null,
            "一株当たり当期純利益又は当期純損失": -1.15,
            "潜在株式調整後1株当たり当期純利益": null,
            "自己資本比率": null,
            "自己資本利益率": -0.001,
            "株価収益率": null,
            "配当性向": null,
            "営業活動によるキャッシュフロー": null,
            "投資活動によるキャッシュフロー": null,
            "財務活動によるキャッシュフロー": null,
            "現金及び現金同等物の残高": null,
            "従業員数": 560,
            "平均臨時雇用人員": 51,
            "株主総利回り": 0,
            "株価指数における総利回り": 1
        },
        "研究開発_設備投資費": {
            "研究開発費": 3022000000,
            "設備投資費": 484000000
        }
    },
    {
        "会社名": "東邦レマック株式会社",
        "EDINETコード": "E02794",
        "証券コード": "7422",
        "有価証券報告書提出日": "2021-03-19",
        "会計期首": "2019-12-21",
        "会計期末": "2020-12-20",
        "連結経営指標": {
            "売上高": null,
            "売上収益": null,
            "営業収益": null,
            "営業収入": null,
            "営業総収入": null,
            "営業利益又は営業損失": null,
            "経常収益": null,
            "経常利益又は経常損失": null,
            "税引前利益又は税引前損失": null,
            "当期利益又は当期損失": null,
            "親会社株主に帰属する当期純利益又は親会社株主に帰属する当期純損失": null,
            "包括利益": null,
            "当期包括利益_親会社の所有者に帰属": null,
            "純資産額": null,
            "総資産額": null,
            "一株当たり純資産額": null,
            "一株当たり当期純利益又は当期純損失": null,
            "潜在株式調整後一株当たり当期純利益": null,
            "自己資本比率": null,
            "株価収益率": null,
            "株主資本収益率": null,
            "営業活動によるキャッシュフロー": null,
            "投資活動によるキャッシュフロー": null,
            "財務活動によるキャッシュフロー": null,
            "現金及び現金同等物の残高": null,
            "従業員数": null,
            "平均臨時雇用人員": null
        },
        "非連結経営指標": {
            "売上高": 6728159000,
            "売上収益": null,
            "営業収益": null,
            "営業収入": null,
            "営業総収入": null,
            "経常収益": null,
            "正味収入保険料": null,
            "経常利益又は経常損失": -143679000,
            "当期純利益又は当期純損失": -192507000,
            "正味損害率": null,
            "正味事業費率": null,
            "利息及び配当金収入": null,
            "運用資産利回り_インカム利回り": null,
            "資産運用利回り_実現利回り": null,
            "持分法を適用した場合の投資利益又は投資損失": null,
            "資本金": 961720000,
            "発行済株式総数_普通株式": 512070,
            "純資産額": 4872040000,
            "総資産額": 6787558000,
            "預金残高": null,
            "貸出金残高": null,
            "有価証券残高": null,
            "一株当たり純資産額": 9568.89,
            "一株当たり配当額": 114.0,
            "一株当たり中間配当額": 57.0,
            "一株当たり第一四半期配当額": null,
            "一株当たり第二四半期配当額": null,
            "一株当たり第三四半期配当額": null,
            "一株当たり第四四半期配当額": null,
            "一株当たり当期純利益又は当期純損失": -378.08,
            "潜在株式調整後1株当たり当期純利益": null,
            "自己資本比率": null,
            "自己資本利益率": null,
            "株価収益率": null,
            "配当性向": null,
            "営業活動によるキャッシュフロー": 371761000.0,
            "投資活動によるキャッシュフロー": 428904000.0,
            "財務活動によるキャッシュフロー": -182447000.0,
            "現金及び現金同等物の残高": 1612798000.0,
            "従業員数": 93,
            "平均臨時雇用人員": 13,
            "株主総利回り": 0,
            "株価指数における総利回り": 1
        },
        "研究開発_設備投資費": {
            "研究開発費": null,
            "設備投資費": 1506000
        }
    },
    {
        "会社名": "NISSHA株式会社",
        "EDINETコード": "E00703",
        "証券コード": "7915",
        "有価証券報告書提出日": "2021-03-19",
        "会計期首": "2020-01-01",
        "会計期末": "2020-12-31",
        "連結経営指標": {
            "売上高": null,
            "売上収益": null,
            "営業収益": null,
            "営業収入": null,
            "営業総収入": null,
            "営業利益又は営業損失": null,
            "経常収益": null,
            "経常利益又は経常損失": null,
            "税引前利益又は税引前損失": 7051000000,
            "当期利益又は当期損失": null,
            "親会社株主に帰属する当期純利益又は親会社株主に帰属する当期純損失": 7069000000,
            "包括利益": null,
            "当期包括利益_親会社の所有者に帰属": 8722000000,
            "純資産額": null,
            "総資産額": 199726000000,
            "一株当たり純資産額": null,
            "一株当たり当期純利益又は当期純損失": 110.97,
            "潜在株式調整後一株当たり当期純利益": 137.94,
            "自己資本比率": 1641.61,
            "株価収益率": 10.6,
            "株主資本収益率": 0.09,
            "営業活動によるキャッシュフロー": 14683000000,
            "投資活動によるキャッシュフロー": -1394000000,
            "財務活動によるキャッシュフロー": -5997000000,
            "現金及び現金同等物の残高": 25067000000,
            "従業員数": 5390,
            "平均臨時雇用人員": null
        },
        "非連結経営指標": {
            "売上高": 115727000000,
            "売上収益": null,
            "営業収益": null,
            "営業収入": null,
            "営業総収入": null,
            "経常収益": null,
            "正味収入保険料": null,
            "経常利益又は経常損失": 1648000000,
            "当期純利益又は当期純損失": 5543000000,
            "正味損害率": null,
            "正味事業費率": null,
            "利息及び配当金収入": null,
            "運用資産利回り_インカム利回り": null,
            "資産運用利回り_実現利回り": null,
            "持分法を適用した場合の投資利益又は投資損失": null,
            "資本金": 12119000000,
            "発行済株式総数_普通株式": 50855000,
            "純資産額": 81461000000,
            "総資産額": 153989000000,
            "預金残高": null,
            "貸出金残高": null,
            "有価証券残高": null,
            "一株当たり純資産額": 1629.17,
            "一株当たり配当額": 30.0,
            "一株当たり中間配当額": 15.0,
            "一株当たり第一四半期配当額": null,
            "一株当たり第二四半期配当額": null,
            "一株当たり第三四半期配当額": null,
            "一株当たり第四四半期配当額": null,
            "一株当たり当期純利益又は当期純損失": 110.97,
            "潜在株式調整後1株当たり当期純利益": 108.17,
            "自己資本比率": null,
            "自己資本利益率": 0.069,
            "株価収益率": 13.5,
            "配当性向": 0.27,
            "営業活動によるキャッシュフロー": null,
            "投資活動によるキャッシュフロー": null,
            "財務活動によるキャッシュフロー": null,
            "現金及び現金同等物の残高": null,
            "従業員数": 720,
            "平均臨時雇用人員": null,
            "株主総利回り": 0,
            "株価指数における総利回り": 1
        },
        "研究開発_設備投資費": {
            "研究開発費": 2869000000,
            "設備投資費": 7896000000
        }
    },
    {
        "会社名": "株式会社ストリームメディアコーポレーション",
        "EDINETコード": "E05088",
        "証券コード": "4772",
        "有価証券報告書提出日": "2021-03-19",
        "会計期首": "2020-01-01",
        "会計期末": "2020-12-31",
        "連結経営指標": {
            "売上高": 4270009000,
            "売上収益": null,
            "営業収益": null,
            "営業収入": null,
            "営業総収入": null,
            "営業利益又は営業損失": null,
            "経常収益": null,
            "経常利益又は経常損失": -1206812000,
            "税引前利益又は税引前損失": null,
            "当期利益又は当期損失": null,
            "親会社株主に帰属する当期純利益又は親会社株主に帰属する当期純損失": -1241133000,
            "包括利益": -1229839000,
            "当期包括利益_親会社の所有者に帰属": null,
            "純資産額": 6049193000,
            "総資産額": 8997180000,
            "一株当たり純資産額": 49.65,
            "一株当たり当期純利益又は当期純損失": -22.61,
            "潜在株式調整後一株当たり当期純利益": null,
            "自己資本比率": 0.636,
            "株価収益率": null,
            "株主資本収益率": -0.217,
            "営業活動によるキャッシュフロー": -1228150000,
            "投資活動によるキャッシュフロー": -5023000,
            "財務活動によるキャッシュフロー": 2733837000,
            "現金及び現金同等物の残高": 3485149000,
            "従業員数": 100,
            "平均臨時雇用人員": 3
        },
        "非連結経営指標": {
            "売上高": 4240932000,
            "売上収益": null,
            "営業収益": null,
            "営業収入": null,
            "営業総収入": null,
            "経常収益": null,
            "正味収入保険料": null,
            "経常利益又は経常損失": -1227237000,
            "当期純利益又は当期純損失": -1242638000,
            "正味損害率": null,
            "正味事業費率": null,
            "利息及び配当金収入": null,
            "運用資産利回り_インカム利回り": null,
            "資産運用利回り_実現利回り": null,
            "持分法を適用した場合の投資利益又は投資損失": null,
            "資本金": 5969408000,
            "発行済株式総数_普通株式": 115213831,
            "純資産額": 5958471000,
            "総資産額": 8843502000,
            "預金残高": null,
            "貸出金残高": null,
            "有価証券残高": null,
            "一株当たり純資産額": 49.59,
            "一株当たり配当額": null,
            "一株当たり中間配当額": null,
            "一株当たり第一四半期配当額": null,
            "一株当たり第二四半期配当額": null,
            "一株当たり第三四半期配当額": null,
            "一株当たり第四四半期配当額": null,
            "一株当たり当期純利益又は当期純損失": -22.64,
            "潜在株式調整後1株当たり当期純利益": null,
            "自己資本比率": null,
            "自己資本利益率": -0.251,
            "株価収益率": null,
            "配当性向": null,
            "営業活動によるキャッシュフロー": null,
            "投資活動によるキャッシュフロー": null,
            "財務活動によるキャッシュフロー": null,
            "現金及び現金同等物の残高": null,
            "従業員数": 97,
            "平均臨時雇用人員": 3,
            "株主総利回り": 0,
            "株価指数における総利回り": 0
        },
        "研究開発_設備投資費": {
            "研究開発費": null,
            "設備投資費": 20000000
        }
    },
    {
        "会社名": "株式会社ハウスフリーダム",
        "EDINETコード": "E04048",
        "証券コード": "8996",
        "有価証券報告書提出日": "2021-03-19",
        "会計期首": "2020-01-01",
        "会計期末": "2020-12-31",
        "連結経営指標": {
            "売上高": 12163281000,
            "売上収益": null,
            "営業収益": null,
            "営業収入": null,
            "営業総収入": null,
            "営業利益又は営業損失": null,
            "経常収益": null,
            "経常利益又は経常損失": 915510000,
            "税引前利益又は税引前損失": null,
            "当期利益又は当期損失": null,
            "親会社株主に帰属する当期純利益又は親会社株主に帰属する当期純損失": 559043000,
            "包括利益": 555047000,
            "当期包括利益_親会社の所有者に帰属": null,
            "純資産額": 2652870000,
            "総資産額": 10691877000,
            "一株当たり純資産額": 657.77,
            "一株当たり当期純利益又は当期純損失": 138.61,
            "潜在株式調整後一株当たり当期純利益": null,
            "自己資本比率": 0.248,
            "株価収益率": 5.9,
            "株主資本収益率": 0.23,
            "営業活動によるキャッシュフロー": 1504800000,
            "投資活動によるキャッシュフロー": -354290000,
            "財務活動によるキャッシュフロー": -204287000,
            "現金及び現金同等物の残高": 3882611000,
            "従業員数": 214,
            "平均臨時雇用人員": 11
        },
        "非連結経営指標": {
            "売上高": 6813509000,
            "売上収益": null,
            "営業収益": null,
            "営業収入": null,
            "営業総収入": null,
            "経常収益": null,
            "正味収入保険料": null,
            "経常利益又は経常損失": 656336000,
            "当期純利益又は当期純損失": 483613000,
            "正味損害率": null,
            "正味事業費率": null,
            "利息及び配当金収入": null,
            "運用資産利回り_インカム利回り": null,
            "資産運用利回り_実現利回り": null,
            "持分法を適用した場合の投資利益又は投資損失": null,
            "資本金": 328842000,
            "発行済株式総数_普通株式": 4110000,
            "純資産額": 2496534000,
            "総資産額": 8328782000,
            "預金残高": null,
            "貸出金残高": null,
            "有価証券残高": null,
            "一株当たり純資産額": 619.01,
            "一株当たり配当額": 40.0,
            "一株当たり中間配当額": null,
            "一株当たり第一四半期配当額": null,
            "一株当たり第二四半期配当額": null,
            "一株当たり第三四半期配当額": null,
            "一株当たり第四四半期配当額": null,
            "一株当たり当期純利益又は当期純損失": 119.91,
            "潜在株式調整後1株当たり当期純利益": null,
            "自己資本比率": null,
            "自己資本利益率": 0.21,
            "株価収益率": 6.8,
            "配当性向": 0.334,
            "営業活動によるキャッシュフロー": null,
            "投資活動によるキャッシュフロー": null,
            "財務活動によるキャッシュフロー": null,
            "現金及び現金同等物の残高": null,
            "従業員数": 130,
            "平均臨時雇用人員": null,
            "株主総利回り": 2,
            "株価指数における総利回り": 1
        },
        "研究開発_設備投資費": {
            "研究開発費": null,
            "設備投資費": 452110000
        }
    },
    {
        "会社名": "中道リース株式会社",
        "EDINETコード": "E04801",
        "証券コード": "8594",
        "有価証券報告書提出日": "2021-03-19",
        "会計期首": "2020-01-01",
        "会計期末": "2020-12-31",
        "連結経営指標": {
            "売上高": null,
            "売上収益": null,
            "営業収益": null,
            "営業収入": null,
            "営業総収入": null,
            "営業利益又は営業損失": null,
            "経常収益": null,
            "経常利益又は経常損失": null,
            "税引前利益又は税引前損失": null,
            "当期利益又は当期損失": null,
            "親会社株主に帰属する当期純利益又は親会社株主に帰属する当期純損失": null,
            "包括利益": null,
            "当期包括利益_親会社の所有者に帰属": null,
            "純資産額": null,
            "総資産額": null,
            "一株当たり純資産額": null,
            "一株当たり当期純利益又は当期純損失": null,
            "潜在株式調整後一株当たり当期純利益": null,
            "自己資本比率": null,
            "株価収益率": null,
            "株主資本収益率": null,
            "営業活動によるキャッシュフロー": null,
            "投資活動によるキャッシュフロー": null,
            "財務活動によるキャッシュフロー": null,
            "現金及び現金同等物の残高": null,
            "従業員数": null,
            "平均臨時雇用人員": null
        },
        "非連結経営指標": {
            "売上高": 40302110000,
            "売上収益": null,
            "営業収益": null,
            "営業収入": null,
            "営業総収入": null,
            "経常収益": null,
            "正味収入保険料": null,
            "経常利益又は経常損失": 739857000,
            "当期純利益又は当期純損失": 476869000,
            "正味損害率": null,
            "正味事業費率": null,
            "利息及び配当金収入": null,
            "運用資産利回り_インカム利回り": null,
            "資産運用利回り_実現利回り": null,
            "持分法を適用した場合の投資利益又は投資損失": null,
            "資本金": 2297430000,
            "発行済株式総数_普通株式": 8680000,
            "純資産額": 8354732000,
            "総資産額": 124910353000,
            "預金残高": null,
            "貸出金残高": null,
            "有価証券残高": null,
            "一株当たり純資産額": 1128.16,
            "一株当たり配当額": 7.0,
            "一株当たり中間配当額": null,
            "一株当たり第一四半期配当額": null,
            "一株当たり第二四半期配当額": null,
            "一株当たり第三四半期配当額": null,
            "一株当たり第四四半期配当額": null,
            "一株当たり当期純利益又は当期純損失": 64.44,
            "潜在株式調整後1株当たり当期純利益": null,
            "自己資本比率": null,
            "自己資本利益率": 0.058,
            "株価収益率": 6.7,
            "配当性向": 0.109,
            "営業活動によるキャッシュフロー": -3347580000.0,
            "投資活動によるキャッシュフロー": -1164979000.0,
            "財務活動によるキャッシュフロー": 1962313000.0,
            "現金及び現金同等物の残高": 8579865000.0,
            "従業員数": 160,
            "平均臨時雇用人員": 13,
            "株主総利回り": 1,
            "株価指数における総利回り": 1
        },
        "研究開発_設備投資費": {
            "研究開発費": null,
            "設備投資費": null
        }
    },
    {
        "会社名": "株式会社クボタ",
        "EDINETコード": "E01267",
        "証券コード": "6326",
        "有価証券報告書提出日": "2021-03-19",
        "会計期首": "2020-01-01",
        "会計期末": "2020-12-31",
        "連結経営指標": {
            "売上高": null,
            "売上収益": 1853234000000,
            "営業収益": null,
            "営業収入": null,
            "営業総収入": null,
            "営業利益又は営業損失": null,
            "経常収益": null,
            "経常利益又は経常損失": null,
            "税引前利益又は税引前損失": 185899000000,
            "当期利益又は当期損失": null,
            "親会社株主に帰属する当期純利益又は親会社株主に帰属する当期純損失": 128524000000,
            "包括利益": null,
            "当期包括利益_親会社の所有者に帰属": 96656000000,
            "純資産額": null,
            "総資産額": 3189317000000,
            "一株当たり純資産額": null,
            "一株当たり当期純利益又は当期純損失": 56.84,
            "潜在株式調整後一株当たり当期純利益": null,
            "自己資本比率": 1221.95,
            "株価収益率": 21.27,
            "株主資本収益率": 0.088,
            "営業活動によるキャッシュフロー": 142919000000,
            "投資活動によるキャッシュフロー": -47133000000,
            "財務活動によるキャッシュフロー": -68354000000,
            "現金及び現金同等物の残高": 222919000000,
            "従業員数": 41605,
            "平均臨時雇用人員": 2699
        },
        "非連結経営指標": {
            "売上高": 865585000000,
            "売上収益": null,
            "営業収益": null,
            "営業収入": null,
            "営業総収入": null,
            "経常収益": null,
            "正味収入保険料": null,
            "経常利益又は経常損失": 53785000000,
            "当期純利益又は当期純損失": 69043000000,
            "正味損害率": null,
            "正味事業費率": null,
            "利息及び配当金収入": null,
            "運用資産利回り_インカム利回り": null,
            "資産運用利回り_実現利回り": null,
            "持分法を適用した場合の投資利益又は投資損失": null,
            "資本金": 84130000000,
            "発行済株式総数_普通株式": 1208576000,
            "純資産額": 609747000000,
            "総資産額": 1238811000000,
            "預金残高": null,
            "貸出金残高": null,
            "有価証券残高": null,
            "一株当たり純資産額": 504.64,
            "一株当たり配当額": 36.0,
            "一株当たり中間配当額": 17.0,
            "一株当たり第一四半期配当額": null,
            "一株当たり第二四半期配当額": null,
            "一株当たり第三四半期配当額": null,
            "一株当たり第四四半期配当額": null,
            "一株当たり当期純利益又は当期純損失": 56.84,
            "潜在株式調整後1株当たり当期純利益": null,
            "自己資本比率": null,
            "自己資本利益率": 0.112,
            "株価収益率": 39.6,
            "配当性向": 0.633,
            "営業活動によるキャッシュフロー": null,
            "投資活動によるキャッシュフロー": null,
            "財務活動によるキャッシュフロー": null,
            "現金及び現金同等物の残高": null,
            "従業員数": 11356,
            "平均臨時雇用人員": null,
            "株主総利回り": 1,
            "株価指数における総利回り": 1
        },
        "研究開発_設備投資費": {
            "研究開発費": 58400000000,
            "設備投資費": 87201000000
        }
    }
]
    ```

### week [GET]
今日含めた今週1週間の間に公開されてあ有価証券報告書のデータを返します。

+ Response 200

    [今日含めた1週間の間に公開された有価証券報告書のデータを取得][]


## 日付の範囲を指定して有価証券報告書のデータを取得 [/api/jp/date_range/{?start_date}&end_date={end_date}]

+ Parameters
    + start_date: `2020-06-01` (string) - 範囲指定したい期間の最初の日付を入れて下さい。
    + end_date: `2020-06-03` (string) - 範囲指定したい期間の最後の日付を入れて下さい。

+ Model ()
    ```js
    [
    {
        "会社名": "株式会社エービーシー・マート",
        "EDINETコード": "E02925",
        "証券コード": "2670",
        "有価証券報告書提出日": "2020-06-01",
        "会計期首": "2019-03-01",
        "会計期末": "2020-02-29",
        "連結経営指標": {
            "売上高": 272361000000,
            "売上収益": null,
            "営業収益": null,
            "営業収入": null,
            "営業総収入": null,
            "営業利益又は営業損失": null,
            "経常収益": null,
            "経常利益又は経常損失": 44325000000,
            "税引前利益又は税引前損失": null,
            "当期利益又は当期損失": null,
            "親会社株主に帰属する当期純利益又は親会社株主に帰属する当期純損失": 29706000000,
            "包括利益": 28175000000,
            "当期包括利益_親会社の所有者に帰属": null,
            "純資産額": 271809000000,
            "総資産額": 311084000000,
            "一株当たり純資産額": 3279.24,
            "一株当たり当期純利益又は当期純損失": 359.92,
            "潜在株式調整後一株当たり当期純利益": null,
            "自己資本比率": 0.87,
            "株価収益率": 17.1,
            "株主資本収益率": 0.112,
            "営業活動によるキャッシュフロー": 34547000000,
            "投資活動によるキャッシュフロー": -9029000000,
            "財務活動によるキャッシュフロー": -15652000000,
            "現金及び現金同等物の残高": 149173000000,
            "従業員数": 5859,
            "平均臨時雇用人員": 2629
        },
        "非連結経営指標": {
            "売上高": 194029000000,
            "売上収益": null,
            "営業収益": null,
            "営業収入": null,
            "営業総収入": null,
            "経常収益": null,
            "正味収入保険料": null,
            "経常利益又は経常損失": 39554000000,
            "当期純利益又は当期純損失": 27097000000,
            "正味損害率": null,
            "正味事業費率": null,
            "利息及び配当金収入": null,
            "運用資産利回り_インカム利回り": null,
            "資産運用利回り_実現利回り": null,
            "持分法を適用した場合の投資利益又は投資損失": null,
            "資本金": 19972000000,
            "発行済株式総数_普通株式": 82539646,
            "純資産額": 239156000000,
            "総資産額": 270444000000,
            "預金残高": null,
            "貸出金残高": null,
            "有価証券残高": null,
            "一株当たり純資産額": 2897.49,
            "一株当たり配当額": 170.0,
            "一株当たり中間配当額": 85.0,
            "一株当たり第一四半期配当額": null,
            "一株当たり第二四半期配当額": null,
            "一株当たり第三四半期配当額": null,
            "一株当たり第四四半期配当額": null,
            "一株当たり当期純利益又は当期純損失": 328.31,
            "潜在株式調整後1株当たり当期純利益": null,
            "自己資本比率": null,
            "自己資本利益率": 0.116,
            "株価収益率": 18.8,
            "配当性向": 0.518,
            "営業活動によるキャッシュフロー": null,
            "投資活動によるキャッシュフロー": null,
            "財務活動によるキャッシュフロー": null,
            "現金及び現金同等物の残高": null,
            "従業員数": 3690,
            "平均臨時雇用人員": 1935,
            "株主総利回り": 1,
            "株価指数における総利回り": 1
        },
        "研究開発_設備投資費": {
            "研究開発費": null,
            "設備投資費": null
        }
    },
    {
        "会社名": "マックスバリュ東海株式会社",
        "EDINETコード": "E03087",
        "証券コード": "8198",
        "有価証券報告書提出日": "2020-06-01",
        "会計期首": "2019-03-01",
        "会計期末": "2020-02-29",
        "連結経営指標": {
            "売上高": null,
            "売上収益": null,
            "営業収益": 271517000000,
            "営業収入": null,
            "営業総収入": null,
            "営業利益又は営業損失": null,
            "経常収益": null,
            "経常利益又は経常損失": 6955000000,
            "税引前利益又は税引前損失": null,
            "当期利益又は当期損失": null,
            "親会社株主に帰属する当期純利益又は親会社株主に帰属する当期純損失": 2937000000,
            "包括利益": 2565000000,
            "当期包括利益_親会社の所有者に帰属": null,
            "純資産額": 70664000000,
            "総資産額": 119857000000,
            "一株当たり純資産額": 1941.73,
            "一株当たり当期純利益又は当期純損失": 108.61,
            "潜在株式調整後一株当たり当期純利益": 108.42,
            "自己資本比率": 0.588,
            "株価収益率": 17.9,
            "株主資本収益率": 0.049,
            "営業活動によるキャッシュフロー": 4625000000,
            "投資活動によるキャッシュフロー": 2110000000,
            "財務活動によるキャッシュフロー": -1491000000,
            "現金及び現金同等物の残高": 30686000000,
            "従業員数": 2726,
            "平均臨時雇用人員": 8577
        },
        "非連結経営指標": {
            "売上高": null,
            "売上収益": null,
            "営業収益": 265900000000,
            "営業収入": null,
            "営業総収入": null,
            "経常収益": null,
            "正味収入保険料": null,
            "経常利益又は経常損失": 7260000000,
            "当期純利益又は当期純損失": 2258000000,
            "正味損害率": null,
            "正味事業費率": null,
            "利息及び配当金収入": null,
            "運用資産利回り_インカム利回り": null,
            "資産運用利回り_実現利回り": null,
            "持分法を適用した場合の投資利益又は投資損失": null,
            "資本金": 2267000000,
            "発行済株式総数_普通株式": 36473000,
            "純資産額": 70678000000,
            "総資産額": 117146000000,
            "預金残高": null,
            "貸出金残高": null,
            "有価証券残高": null,
            "一株当たり純資産額": 1943.25,
            "一株当たり配当額": 47.0,
            "一株当たり中間配当額": null,
            "一株当たり第一四半期配当額": null,
            "一株当たり第二四半期配当額": null,
            "一株当たり第三四半期配当額": null,
            "一株当たり第四四半期配当額": null,
            "一株当たり当期純利益又は当期純損失": 83.48,
            "潜在株式調整後1株当たり当期純利益": 83.33,
            "自己資本比率": null,
            "自己資本利益率": 0.037,
            "株価収益率": 23.2,
            "配当性向": 0.563,
            "営業活動によるキャッシュフロー": null,
            "投資活動によるキャッシュフロー": null,
            "財務活動によるキャッシュフロー": null,
            "現金及び現金同等物の残高": null,
            "従業員数": 2336,
            "平均臨時雇用人員": 8257,
            "株主総利回り": 1,
            "株価指数における総利回り": 1
        },
        "研究開発_設備投資費": {
            "研究開発費": null,
            "設備投資費": 3606000000
        }
    }
]
    ```

### date_range [GET]
指定された範囲内の日付に公開された有価証券報告書のデータを返します。

+ Response 200

    [日付の範囲を指定して有価証券報告書のデータを取得][]

